@misc{Hansen2025EPP,
  author       = {Hansen, Marvin},
  title        = {The Effect Propagation Process: A Philosophical Framework for Post-Quantum Causality},
  year         = {2025},
  month        = {June},
  howpublished = {\url{https://github.com/deepcausality-rs/papers}},
  note         = {Accessed: June 2025}
}

@misc{Hansen2025EPP_Epistemology,
  author       = {Hansen, Marvin},
  title        = {The Epistemology of the Effect Propagation Process},
  year         = {2025},
  month        = {June},
  howpublished = {\url{https://github.com/deepcausality-rs/papers}},
  note         = {Accessed: June 2025}
}

@article{hardy2005probability,
  title={Probability theories with dynamic causal structure: a new framework for quantum gravity},
  author={Hardy, Lucien},
  journal={arXiv preprint gr-qc/0509120},
  year={2005}
}

@article{hardy2007towards,
  title={Towards quantum gravity: A framework for probabilistic theories with non-fixed causal structure},
  author={Hardy, Lucien},
  journal={J. Phys. A},
  volume={40},
  number={12},
  pages={3081},
  year={2007},
  publisher={IOP Publishing}
}

@misc{mrini2024indefinitecausalstructurecausal,
      title={Indefinite Causal Structure and Causal Inequalities with Time-Symmetry}, 
      author={Luke Mrini and Lucien Hardy},
      year={2024},
      eprint={2406.18489},
      archivePrefix={arXiv},
      primaryClass={quant-ph},
      url={https://arxiv.org/abs/2406.18489}, 
}

@article{hadash2018estimate,
  title={Estimate and Replace: A Novel Approach to Integrating Deep Neural Networks with Existing Applications},
  author={Hadash, Guy and Kermany, Einat and Carmeli, Boaz and Lavi, Ofer and Kour, George and Jacovi, Alon},
  journal={arXiv preprint arXiv:1804.09028},
  year={2018}
}

@book{archer1888timaeus,
  title={The Timaeus of Plato},
  author={Archer-Hind, Richard Dacre and others},
  year={1888},
  publisher={Macmillan}
}

@book{heidegger1995aristotleMetaphysics,
  title={Aristotle's Metaphysics 1--3: On the Essence and Actuality of Force},
  author={Heidegger, Martin},
  year={1995},
  publisher={Indiana University Press}
}

@article{falcon2006aristotlecausality,
  title={Aristotle on causality},
  author={Falcon, Andrea},
  year={2006}
}

@book{mill2023system,
  title={A System Of Logic Ratiocinative And Inductive Vol. I},
  author={Mill, John Stuart},
  year={2023},
  publisher={BoD--Books on Demand}
}

@article{sol2022understanding,
  title={Understanding epistemology and its key approaches in research},
  author={Sol, Koemhong and Heng, Kimkong},
  journal={Cambodian Journal of Educational Research},
  volume={2},
  number={2},
  pages={80--99},
  year={2022}
}

@misc{SenecaLetters,
  author       = {Seneca, Lucius Annaeus},
  title        = {Seneca: Selected Philosophical Letters: Translated with Introduction and Commentary},
  howpublished = {Book, OUP Oxford},
  year         = {2007},
  url          = {global.oup.com/academic/product/seneca-selected-philosophical-letters-9780198238942},
}

@book{furth1985metaphysics,
  title={Metaphysics: Zeta, Eta, Theta, Iota. Books VII-X},
  author={Furth, Montgomery and others},
  year={1985},
  publisher={Hackett Publishing}
}

@misc{EinsteinPapers1915,
  author       = {{Einstein Relatively Easy}},
  title        = {{Nov 1915 The four Einstein's papers}},
  howpublished = {Website},
  note         = {Accessed on May 18, 2025},
  url          = {https://einsteinrelativelyeasy.com/index.php/einstein/83-the-einstein-field-equations-series},
}

@misc{RussellOnCause,
  author       = {Russell, Bertrand},
  title        = {On the Notion of Cause},
  howpublished = {Proceedings of the Aristotelian Society, Vol. 13},
  year         = {1912},
  note         = {Pages 1--26},
  url          = {doi:10.1093/aristotelian/13.1.1},
}

@misc{HardyDynamicCausalStructure,
  author       = {Hardy, Lucien},
  title        = {Probability theories with dynamic causal structure: a new framework for quantum gravity},
  howpublished = {arXiv preprint},
  year         = {2005},
  note         = {arXiv:gr-qc/0509120},
  url          = {https://arxiv.org/abs/gr-qc/0509120},
}

@misc{MriniHardyIndefinite,
  author       = {Mrini, L. and Hardy, L.},
  title        = {Indefinite Causal Structure and Causal Inequalities with Time-Symmetry},
  howpublished = {arXiv preprint},
  year         = {2024},
  note         = {arXiv:2406.18489},
  url          = {https://arxiv.org/abs/2406.18489},
}

@misc{LeibnizPhysicsSEP,
  author       = {{Stanford Encyclopedia of Philosophy}},
  title        = {{Leibniz's Philosophy of Physics}},
  howpublished = {Stanford Encyclopedia of Philosophy, Online Resource},
  note         = {Accessed on May 18, 2025},
  url          = {https://plato.stanford.edu/entries/leibniz-physics/},
}

@book{peskin2018introduction,
  title={An Introduction to quantum field theory},
  author={Peskin, Michael E},
  year={2018},
  publisher={CRC press}
}

@misc{DARPA_ANSR,
  title={Assured Neuro Symbolic Learning and Reasoning (ANSR) Summary},
  author={{Defense Advanced Research Projects Agency (DARPA)}},
  howpublished={\url{https://www.darpa.mil/research/programs/assured-neuro-symbolic-learning-and-reasoning}},
  note={Accessed: May 12, 2025}
}

@article{granger1969causal,
  title={Investigating causal relations by econometric models and cross-spectral methods},
  author={Granger, Clive WJ},
  journal={Econometrica: journal of the Econometric Society},
  pages={424--438},
  year={1969},
  publisher={JSTOR}
}

@article{pearl2000causality,
  title={Causality: models, reasoning, and inference Cambridge University Press New York},
  author={Pearl, J},
  journal={NY, USA},
  year={2000}
}

@book{pearl2009causality,
  title={Causality},
  author={Pearl, Judea},
  year={2009},
  publisher={Cambridge university press}
}

@article{rubin1974estimating,
  title={Estimating causal effects of treatments in randomized and nonrandomized studies.},
  author={Rubin, Donald B},
  journal={Journal of educational Psychology},
  volume={66},
  number={5},
  pages={688},
  year={1974},
  publisher={American Psychological Association}
}

@article{rubin2005causal,
  title={Causal inference using potential outcomes: Design, modeling, decisions},
  author={Rubin, Donald B},
  journal={Journal of the American statistical Association},
  volume={100},
  number={469},
  pages={322--331},
  year={2005},
  publisher={Taylor \& Francis}
}

@inproceedings{dagum1992dynamic,
  title={Dynamic network models for forecasting},
  author={Dagum, Paul and Galper, Adam and Horvitz, Eric},
  booktitle={Uncertainty in artificial intelligence},
  pages={41--48},
  year={1992},
  organization={Elsevier}
}

@book{Pearl1988Probabilistic,
  author = {Pearl, J.},
  title = {{Probabilistic Reasoning in Intelligent Systems}},
  publisher = {{Morgan Kaufmann}},
  address = {San Mateo, CA},
  year = {1988},
}

@article{pearl2018theoretical,
  title={Theoretical impediments to machine learning with seven sparks from the causal revolution},
  author={Pearl, Judea},
  journal={arXiv preprint arXiv:1801.04016},
  year={2018}
}

@article{granger1969investigating,
  title={Investigating causal relations by econometric models and cross-spectral methods},
  author={Granger, Clive WJ},
  journal={Econometrica: journal of the Econometric Society},
  pages={424--438},
  year={1969},
  publisher={Wiley-Blackwell}
}

@article{halpern2000axiomatizing,
  title={Axiomatizing causal reasoning},
  author={Halpern, Joseph Y},
  journal={J. Artif. Intell. Res.},
  volume={12},
  pages={317--337},
  year={2000}
}

@article{halpern2013causal,
  title={From causal models to counterfactual structures},
  author={Halpern, Joseph Y},
  journal={Review of Symbolic Logic},
  volume={6},
  number={2},
  pages={305--322},
  year={2013},
  publisher={Cambridge University Press}
}


@inproceedings{huang2006identifiabilitya,
  title={Identifiability in causal bayesian networks: A sound and complete algorithm},
  author={Huang, Yimin and Valtorta, Marco},
  booktitle={Proceedings of the national conference on artificial intelligence},
  volume={21},
  number={2},
  pages={1149},
  year={2006},
  organization={Menlo Park, CA; Cambridge, MA; London; AAAI Press; MIT Press; 1999}
}

@inproceedings{huang2006identifiabilityb,
  title={Pearl’s Calculus of Intervention Is Complete},
  author={Huang, Yimin and Valtorta, Marco},
  booktitle={Proceedings of the Twenty-Second Conference on Uncertainty in Artificial Intelligence},
  pages={217--224},
  year={2006},
  publisher={AUAI Press}
}

@inproceedings{huang2015fast,
  title={Fast and Accurate Causal Inference from Time Series Data},
  author={Huang, Yiyi and Kleinberg, Samantha},
  booktitle={Proceedings of the FLAIRS Conference},
  pages={49--54},
  year={2015}
}

@article{hunermund2019causal,
      title={Causal Inference and Data Fusion in Econometrics}, 
      author={Paul Hünermund and Elias Bareinboim},
      year={2023},
      eprint={1912.09104},
      journal={arXiv},
      primaryClass={econ.EM},
      url={https://arxiv.org/abs/1912.09104}, 
}

@article{verma1986causal,
  title={Causal networks: semantics and expressiveness},
  author={Verma, Thomas S},
  journal={Technical Report R-65, Cognitive Systems Laborator, University of California, Los Angeles},
  year={1986}
}

@article{Glymour2019Review,
  author = {Glymour, Clark and Zhang, Kun and Spirtes, Peter},
  title = {{Review of causal discovery methods based on graphical models}},
  journal = {{Frontiers in genetics}},
  volume = {10},
  pages = {524},
  year = {2019},
}


@book{koller2009probabilistic,
  title={Probabilistic Graphical Models: Principles and Techniques},
  author={Koller, Daphne and Friedman, Nir},
  year={2009},
  publisher={MIT press}
}

@book{peters2017elements,
  title={Elements of causal inference: foundations and learning algorithms},
  author={Peters, Jonas and Janzing, Dominik and Sch{\"o}lkopf, Bernhard},
  year={2017},
  publisher={The MIT press}
}

@inproceedings{bareinboim2020causal,
  title={A calculus for stochastic interventions: Causal effect identification and surrogate experiments},
  author={Correa, Juan and Bareinboim, Elias},
  booktitle={Proceedings of the AAAI conference on artificial intelligence},
  volume={34},
  pages={10093--10100},
  year={2020}
}

@article{Janzing2016Algorithmic,
  author = {Janzing, D. and Chaves, R. and Schölkopf, B.},
  title = {{Algorithmic indepen-dence of initial condition and dynamical law in thermodynamics and causal inference}},
  journal = {{New Journal of Physics}},
  volume = {18},
  number = {9},
  year = {2016},
  url = {http://stacks.iop.org/1367-2630/18/i=9/a=093052},
}

@incollection{Peters2022Causal,
  title={Causal models for dynamical systems},
  author={Peters, Jonas and Bauer, Stefan and Pfister, Niklas},
  booktitle={Probabilistic and Causal Inference: The Works of Judea Pearl},
  pages={671--690},
  year={2022},
  publisher={ACM Digital Library},
}

@article{Mohan2021Graphical,
  author = {Mohan, Karthika and Pearl, Judea},
  title = {{Graphical models for processing missing data}},
  journal = {{Journal of the American Statistical Association}},
  volume = {116},
  number = {534},
  pages = {1023--1037},
  year = {2021},
}

@article{richardson2003causal,
  title={Causal inference via ancestral graph models},
  author={Richardson, Thomas S and Spirtes, Peter},
  journal={Oxford Statistical Science Series},
  pages={83--105},
  year={2003},
  publisher={OXFORD UNIV PRESS}
}

@inproceedings{Verma1990Equivalence,
  author = {Verma, Thomas S. and Pearl, Judea},
  title = {{Equivalence and synthesis of causal models}},
  booktitle = {{Proceedings of the Sixth Conference on Uncertainty in Artificial Intelligence}},
  year = {1990},
}


@inproceedings{sherman2020general,
  title={General identification of dynamic treatment regimes under interference},
  author={Sherman, Eli and Arbour, David and Shpitser, Ilya},
  booktitle={International Conference on Artificial Intelligence and Statistics},
  pages={3917--3927},
  year={2020},
  organization={PMLR}
}

@article{holland1986statistics,
  title={Statistics and causal inference},
  author={Holland, Paul W},
  journal={Journal of the American statistical Association},
  volume={81},
  number={396},
  pages={945--960},
  year={1986},
  publisher={Taylor \& Francis}
}


@article{splawa1990application,
  title={On the application of probability theory to agricultural experiments. Essay on principles. Section 9},
  author={Splawa-Neyman, Jerzy and Dabrowska, Dorota M and Speed, Terrence P},
  journal={Statistical Science},
  pages={465--472},
  year={1990},
  publisher={JSTOR}
}

@article{rosenbaum1983central,
  title={The central role of the propensity score in observational studies for causal effects},
  author={Rosenbaum, Paul R and Rubin, Donald B},
  journal={Biometrika},
  volume={70},
  number={1},
  pages={41--55},
  year={1983},
  publisher={Oxford University Press}
}

@inproceedings{Balke1994Probabilistic,
  author = {Balke, A. and Pearl, J.},
  title = {{Probabilistic evaluation of counterfactual queries}},
  booktitle = {{Proceedings of the Twelfth National Conference on Artificial Intelligence}},
  volume = {I},
  pages = {230--237},
  year = {1994},
  publisher = {{MIT Press}},
  address = {Menlo Park, CA},
}


@book{Morgan2015Counterfactuals,
  author = {Morgan, S.L. and Winship, C.},
  title = {{Counterfactuals and Causal Inference: Methods and Principles for Social Research}},
  year = {2015},
  edition = {{2nd}},
  series = {{Analytical Methods for Social Research}},
  publisher = {{Cambridge University Press}},
  address = {New York, NY},
}


@article{tian2000probabilities,
  title={Probabilities of causation: Bounds and identification},
  author={Tian, Jin and Pearl, Judea},
  journal={Annals of Mathematics and Artificial Intelligence},
  volume={28},
  number={1},
  pages={287--313},
  year={2000},
  publisher={Springer}
}

@article{tian2002identification,
  title={On the identification of causal effects},
  author={Tian, Jin and Pearl, Judea},
  journal={Technical Report R-290-L, Department of Computer Science, University of California, Los Angeles},
  year={2002}
}

@inproceedings{Lattimore2016Causal,
  author = {Lattimore, Finnian and Lattimore, Tor and Reid, Mark D},
  title = {{Causal bandits: Learning good interventions via causal inference}},
  booktitle = {{Advances in Neural Information Processing Systems}},
  volume = {29},
  editor = {Lee, D. and Sugiyama, M. and Luxburg, U. and Guyon, I. and Cesa-Bianchi, N. and Garnett, R.},
  year = {2016},
  publisher = {{Curran Associates, Inc.}},
  url = {https://proceedings.neurips.cc/paper/2016/file/b4288d9c0ec0a1841b3b3728321e7088-Paper.pdf},
}

@inproceedings{Lee2018Structural,
  author = {Lee, Sanghack and Bareinboim, Elias},
  title = {{Structural causal bandits: Where to intervene?}},
  booktitle = {{Advances in Neural Information Processing Systems}},
  volume = {31},
  editor = {Bengio, S. and Wallach, H. and Larochelle, H. and Grauman, K. and Cesa-Bianchi, N. and Garnett, R.},
  year = {2018},
  publisher = {{Curran Associates, Inc.}},
  url = {https://proceedings.neurips.cc/paper/2018/file/c0a271bc0ecb776a094786474322cb82-Paper.pdf},
}

@misc{Zhang2022Causal,
  author = {Zhang, Jingwen and Chen, Yifang and Singh, Amandeep},
  title = {{Causal bandits: Online decision-making in endogenous settings}},
  howpublished = {arXiv preprint arXiv:2211.08649},
  year = {2022},
}


@misc{Bilodeau2022Adaptively,
  author = {Bilodeau, Blair and Wang, Linbo and Roy, Daniel M.},
  title = {{Adaptively exploiting d-separators with causal bandits}},
  year = {2022},
  doi = {10.48550/ARXIV.2202.05100},
  url = {https://arxiv.org/abs/2202.05100},
}

@inproceedings{Berrevoets2021ModelAgnostic,
  author = {Berrevoets, Jeroen and Verboven, Sam and Verbeke, Wouter},
  title = {{Model-agnostic counterfactual reasoning for outcomes in dynamic environments}},
  booktitle = {{Proceedings of the 38th International Conference on Machine Learning}},
  pages = {792--802},
  volume = {139},
  series = {{Proceedings of Machine Learning Research}},
  year = {2021},
  month = {Jul},
  url = {https://proceedings.mlr.press/v139/berrevoets21a.html},
}

@article{Berrevoets2022Treatment,
  author = {Berrevoets, Jeroen and Verboven, Sam and Verbeke, Wouter},
  title = {{Treatment effect optimisation in dynamic environments}},
  journal = {{Journal of Causal Inference}},
  volume = {10},
  number = {1},
  pages = {106--122},
  year = {2022},
  doi = {10.1515/jci-2020-0009},
  url = {https://doi.org/10.1515/jci-2020-0009},
}

@article{shpitser2012efficient,
  title={An efficient algorithm for computing interventional distributions in latent variable causal models},
  author={Shpitser, Ilya and Richardson, Thomas S and Robins, James M},
  journal={arXiv preprint arXiv:1202.3763},
  year={2012}
}

@book{spirtes2000causation,
  title={Causation, prediction, and search},
  author={Spirtes, Peter and Glymour, Clark N and Scheines, Richard},
  year={2000},
  publisher={MIT press}
}

@article{Eberhardt2017Introduction,
  author = {Eberhardt, Frederick},
  title = {{Introduction to the foundations of causal discovery}},
  journal = {{International Journal of Data Science and Analytics}},
  volume = {3},
  number = {2},
  pages = {81--91},
  year = {2017},
}


@article{chickering2002optimal,
  title={Optimal structure identification with greedy search},
  author={Chickering, David Maxwell},
  journal={Journal of machine learning research},
  volume={3},
  number={Nov},
  pages={507--554},
  year={2002}
}

@article{kalisch2007estimating,
  title={Estimating high-dimensional directed acyclic graphs with the PC-algorithm.},
  author={Kalisch, Markus and B{\"u}hlman, Peter},
  journal={Journal of Machine Learning Research},
  volume={8},
  number={3},
  year={2007}
}

@inproceedings{hasan2022kcrl,
  title={Kcrl: A prior knowledge based causal discovery framework with reinforcement learning},
  author={Hasan, Uzma and Gani, Md Osman},
  booktitle={Machine Learning for Healthcare Conference},
  pages={691--714},
  year={2022},
  organization={PMLR}
}

@inproceedings{Zheng2018Dags,
  author = {Zheng, Xun and Aragam, Bryon and Ravikumar, Pradeep K and Xing, Eric P},
  title = {{Dags with no tears: Continuous optimization for structure learning}},
  booktitle = {{Advances in Neural Information Processing Systems}},
  volume = {31},
  year = {2018},
}


@misc{hasan2024surveycausaldiscoverymethods,
      title={A Survey on Causal Discovery Methods for I.I.D. and Time Series Data}, 
      author={Uzma Hasan and Emam Hossain and Md Osman Gani},
      year={2024},
      eprint={2303.15027},
      archivePrefix={arXiv},
      primaryClass={cs.AI},
      url={https://arxiv.org/abs/2303.15027}, 
}


@inproceedings{gao2021dag,
  title={DAG-GAN: Causal structure learning with generative adversarial nets},
  author={Gao, Yinghua and Shen, Li and Xia, Shu-Tao},
  booktitle={ICASSP 2021-2021 IEEE International Conference on Acoustics, Speech and Signal Processing (ICASSP)},
  pages={3320--3324},
  year={2021},
  organization={IEEE}
}

@article{granger1980testing,
  title={Testing for causality: A personal viewpoint},
  author={Granger, Clive WJ},
  journal={Journal of Economic Dynamics and control},
  volume={2},
  pages={329--352},
  year={1980},
  publisher={Elsevier}
}

@misc{padav2021granger,
  title={Granger causality in time series--explained using chicken and egg problem},
  author={Padav, P},
  year={2021}
}

@article{geweke1982measurement,
  title={Measurement of linear dependence and feedback between multiple time series},
  author={Geweke, John},
  journal={Journal of the American statistical association},
  volume={77},
  number={378},
  pages={304--313},
  year={1982},
  publisher={Taylor \& Francis}
}

@article{zhang2012dynamic,
  title={Dynamic uncertain causality graph for knowledge representation and reasoning: Discrete DAG cases},
  author={Zhang, Qin},
  journal={Journal of Computer Science and Technology},
  volume={27},
  number={1},
  pages={1--23},
  year={2012},
  publisher={Springer}
}

@mastersthesis{Deng2018Cubic,
  author = {Deng, H. C. and Zhang, Q.},
  title = {{Cubic DUCG (dynamic uncertain causality graph) recursive algorithm and its implementation in nuclear power plant fault diagnoses}},
  school = {{Dept. Eng. Phys., Tsinghua Univ., Beijing, China}},
  year = {2018},
  type = {{M.S. thesis}},
}

@inproceedings{Hu2017Accident,
  author = {Hu, J. and Zhang, L. and Wang, A. and Li, S.},
  title = {{Accident prevention by fault propagation analysis and causal fault diagnosis based on Granger causality test}},
  booktitle = {{Proc. 13th Int. Conf. Natural Comput., Fuzzy Syst. Knowl. Discovery (ICNC-FSKD)}},
  pages = {1554--1558},
  year = {2017},
  month = {Jul},
}

@article{Deng2020Towards,
  author = {Deng, N. and Zhang, Q.},
  title = {{Towards Dynamic Uncertain Causality Graphs for the Intelligent Diagnosis and Treatment of Hepatitis B}},
  journal = {{Symmetry}},
  volume = {12},
  pages = {1690},
  year = {2020},
  doi = {10.3390/sym12101690},
  url = {https://doi.org/10.3390/sym12101690},
}

@article{nauta2019causal,
  title={Causal Discovery with Attention-Based Convolutional Neural Networks},
  author={Nauta, Meike and Bucur, Doina and Seifert, Christin},
  journal={Machine Learning and Knowledge Extraction},
  volume={1},
  number={1},
  pages={19},
  year={2019},
  publisher={MDPI}
}

@article{jiao2024causal,
  title={Causal inference meets deep learning: A comprehensive survey},
  author={Jiao, Licheng and Wang, Yuhan and Liu, Xu and Li, Lingling and Liu, Fang and Ma, Wenping and Guo, Yuwei and Chen, Puhua and Yang, Shuyuan and Hou, Biao},
  journal={Research},
  volume={7},
  pages={0467},
  year={2024},
  publisher={AAAS}
}

@misc{berrevoets2024causaldeeplearning,
      title={Causal Deep Learning}, 
      author={Jeroen Berrevoets and Krzysztof Kacprzyk and Zhaozhi Qian and Mihaela van der Schaar},
      year={2024},
      eprint={2303.02186},
      archivePrefix={arXiv},
      primaryClass={cs.LG},
      url={https://arxiv.org/abs/2303.02186}, 
}

@misc{berrevoets2022navigatingcausaldeeplearning,
      title={Navigating causal deep learning}, 
      author={Jeroen Berrevoets and Krzysztof Kacprzyk and Zhaozhi Qian and Mihaela van der Schaar},
      year={2022},
      eprint={2212.00911},
      archivePrefix={arXiv},
      primaryClass={cs.LG},
      url={https://arxiv.org/abs/2212.00911}, 
}

@inproceedings{ma2022learning,
  title={Learning causal effects on hypergraphs},
  author={Ma, Jing and Wan, Mengting and Yang, Longqi and Li, Jundong and Hecht, Brent and Teevan, Jaime},
  booktitle={Proceedings of the 28th ACM SIGKDD Conference on Knowledge Discovery and Data Mining},
  pages={1202--1212},
  year={2022}
}

@article{deng2022deep,
  title={Deep causal learning: representation, discovery and inference},
  author={Deng, Zizhen and Zheng, Xiaolong and Tian, Hu and Zeng, Daniel Dajun},
  journal={arXiv preprint arXiv:2211.03374},
  year={2022}
}

@article{ramachandra2018deep,
  title={Deep learning for causal inference},
  author={Ramachandra, Vikas},
  journal={arXiv preprint arXiv:1803.00149},
  year={2018}
}

@article{acciaio2024designing,
  title={Designing universal causal deep learning models: The geometric (hyper) transformer},
  author={Acciaio, Beatrice and Kratsios, Anastasis and Pammer, Gudmund},
  journal={Mathematical Finance},
  volume={34},
  number={2},
  pages={671--735},
  year={2024},
  publisher={Wiley Online Library}
}

@article{Scholkopf2021Toward,
  author = {Schölkopf, Bernhard and Locatello, Francesco and Bauer, Stefan and Ke, Nan Rosemary and Kalchbrenner, Nal and Goyal, Anirudh and Bengio, Yoshua},
  title = {Toward causal representation learning},
  journal = {{Proceedings of the IEEE}},
  volume = {109},
  number = {5},
  pages = {612--634},
  year = {2021},
}

@misc{Locatello2019Challenging,
      title={Challenging Common Assumptions in the Unsupervised Learning of Disentangled Representations}, 
      author={Francesco Locatello and Stefan Bauer and Mario Lucic and Gunnar Rätsch and Sylvain Gelly and Bernhard Schölkopf and Olivier Bachem},
      year={2019},
      eprint={1811.12359},
      archivePrefix={arXiv},
      primaryClass={cs.LG},
      url={https://arxiv.org/abs/1811.12359}, 
}

@misc{chernozhukov2018double,
  title={Double/debiased machine learning for treatment and structural parameters},
  author={Chernozhukov, Victor and Chetverikov, Denis and Demirer, Mert and Duflo, Esther and Hansen, Christian and Newey, Whitney and Robins, James},
  year={2018},
  publisher={Oxford University Press Oxford, UK}
}

@inproceedings{Baker2017aDesigning,
  author = {Baker, Bowen and Gupta, Otkrist and Naik, Nikhil and Raskar, Ramesh},
  title = {{Designing neural network architectures using reinforcement learning}},
  booktitle = {{Proceedings of the 5th International Conference on Learning Representations (ICLR)}},
  year = {2017},
  note = {Extract from GRAPH HYPERNETWORKS.pdf [72]}
}

@inproceedings{Baker2017bAccelerating,
  author = {Baker, Bowen and Gupta, Otkrist and Raskar, Ramesh and Naik, Nikhil},
  title = {{Accelerating neural architecture search using performance prediction}},
  booktitle = {{NIPS Workshop on Meta-Learning}},
  year = {2017},
}

@inproceedings{Bender2018Understanding,
  author = {Bender, Gabriel and Kindermans, Pieter-Jan and Zoph, Barret and Vasudevan, Vijay and Le, Quoc},
  title = {{Understanding and simplifying one-shot architecture search}},
  booktitle = {{Proceedings of the 35th International Conference on Machine Learning (ICML)}},
  year = {2018},
}

@article{Ouvrard2020Hypergraphs,
  author = {Ouvrard, Xavier},
  title = {{HYPERGRAPHS: AN INTRODUCTION AND REVIEW}},
  journal = {arXiv preprint arXiv:2002.05014},
  year = {2020},
  month = {March},
}

@book{Berge1973Graphs,
  author = {Berge, Claude},
  title = {{Graphs and hypergraphs}},
  year = {1973},
  volume = {7},
  publisher = {North-Holland publishing company Amsterdam},
}

@article{Alsallakh2016State,
  author = {Alsallakh, Bilal and Micallef, Luana and Aigner, Wolfgang and Hauser, Helwig and Miksch, Silvia and Rodgers, Peter},
  title = {{The State-of-the-Art of Set Visualization: The State-of-the-Art of Set Visualization}},
  journal = {{Computer Graphics Forum}},
  volume = {35},
  number = {1},
  pages = {234--260},
  year = {2016},
  month = {February},
  issn = {01677055},
  doi = {10.1111/cgf.12722},
  url = {https://doi.org/10.1111/cgf.12722},
}

@article{Jacomy2014ForceAtlas2,
  author = {Jacomy, Mathieu and Venturini, Tommaso and Heymann, Sebastien and Bastian, Mathieu},
  title = {{ForceAtlas2, a Continuous Graph Layout Algorithm for Handy Network Visualization Designed for the Gephi Software}},
  journal = {{PLoS ONE}},
  volume = {9},
  number = {6},
  pages = {e98679},
  year = {2014},
  month = {June},
  issn = {1932-6203},
  doi = {10.1371/journal.pone.0098679},
  url = {https://dx.plos.org/10.1371/journal.pone.0098679},
}

@article{Catalyurek1999Hypergraph,
  author = {Catalyurek, U.V. and Aykanat, C.},
  title = {{Hypergraph-partitioning-based decomposition for parallel sparse-matrix vector multiplication}},
  journal = {{IEEE Transactions on Parallel and Distributed Systems}},
  volume = {10},
  number = {7},
  pages = {673--693},
  year = {1999},
  month = {July},
  issn = {10459219},
  doi = {10.1109/71.780863},
  url = {https://doi.org/10.1109/71.780863},
}

@inproceedings{Devine2006Parallel,
  author = {Devine, K.D. and Boman, E.G. and Heaphy, R.T. and Bisseling, R.H. and Catalyurek, U.V.},
  title = {{Parallel hypergraph partitioning for scientific computing}},
  booktitle = {{Proceedings 20th IEEE International Parallel \& Distributed Processing Symposium}},
  pages = {10 pp.},
  year = {2006},
  address = {Rhodes Island, Greece},
  publisher = {{IEEE}},
  isbn = {978-1-4244-0054-6},
  doi = {10.1109/IPDPS.2006.1639359},
  url = {https://doi.org/10.1109/IPDPS.2006.1639359},
}


@article{Yang2017Hypergraph,
  author = {Yang, Wenyin and Wang, Guojun and Bhuiyan, Md Zakirul Alam and Choo, Kim-Kwang Raymond},
  title = {{Hypergraph partitioning for social networks based on information entropy modularity}},
  journal = {{Journal of Network and Computer Applications}},
  volume = {86},
  pages = {59--71},
  year = {2017},
  month = {May},
  issn = {10848045},
  doi = {10.1016/j.jnca.2016.10.002},
  url = {https://doi.org/10.1016/j.jnca.2016.10.002},
}

@article{Zheng2018Novel,
  author = {Zheng, Xiaoyao and Luo, Yonglong and Sun, Liping and Ding, Xintao and Zhang, Ji},
  title = {{A novel social network hybrid recommender system based on hypergraph topologic structure}},
  journal = {{World Wide Web}},
  volume = {21},
  number = {4},
  pages = {985--1013},
  year = {2018},
  month = {July},
  issn = {1386-145X, 1573-1413},
  doi = {10.1007/s11280-017-0494-5},
  url = {https://doi.org/10.1007/s11280-017-0494-5},
}

@inproceedings{Zhou2007Learning,
  author = {Zhou, Denny and Huang, Jiayuan and Schölkopf, Bernhard},
  title = {{Learning with hypergraphs: Clustering, classification, and embedding}},
  booktitle = {{Advances in neural information processing systems}},
  pages = {1601--1608},
  year = {2007},
}

@article{Wu2018Nonnegative,
  author = {Wu, Wenhui and Kwong, Sam and Zhou, Yu and Jia, Yuheng and Gao, Wei},
  title = {{Nonnegative matrix factorization with mixed hyper-graph regularization for community detection}},
  journal = {{Information Sciences}},
  volume = {435},
  pages = {263--281},
  year = {2018},
  month = {April},
  issn = {00200255},
  doi = {10.1016/j.ins.2018.01.008},
  url = {https://doi.org/10.1016/j.ins.2018.01.008},
}


@article{Jin2015Low,
  author = {Jin, Taisong and Yu, Jun and You, Jane and Zeng, Kun and Li, Cuihua and Yu, Zhengtao},
  title = {{Low-rank matrix factorization with multiple Hypergraph regularizer}},
  journal = {{Pattern Recognition}},
  volume = {48},
  number = {3},
  pages = {1011--1022},
  year = {2015},
  month = {March},
  issn = {00313203},
  doi = {10.1016/j.patcog.2014.09.002},
  url = {https://doi.org/10.1016/j.patcog.2014.09.002},
}

@article{Zhu2015ContentBased,
  author = {Zhu, Lei and Shen, Jialie and Jin, Hai and Zheng, Ran and Xie, Liang},
  title = {{Content-Based Visual Landmark Search via Multimodal Hypergraph Learning}},
  journal = {{IEEE Transactions on Cybernetics}},
  volume = {45},
  number = {12},
  pages = {2756--2769},
  year = {2015},
  month = {December},
  issn = {2168-2267, 2168-2275},
  doi = {10.1109/TCYB.2014.2383389},
  url = {https://doi.org/10.1109/TCYB.2014.2383389},
}

@article{Zhu2016Heterogeneous,
  author = {Zhu, Yu and Guan, Ziyu and Tan, Shulong and Liu, Haifeng and Cai, Deng and He, Xiaofei},
  title = {{Heterogeneous hypergraph embedding for document recommendation}},
  journal = {{Neurocomputing}},
  volume = {216},
  pages = {150--162},
  year = {2016},
  month = {December},
  issn = {09252312},
  doi = {10.1016/j.neucom.2016.07.030},
  url = {https://linkinghub.elsevier.com/retrieve/pii/S0925231216307755},
}

@inproceedings{Potluru2020Deeplex,
  author = {Potluru, Vamsi K and Tillman, Robert E and Reddy, Prashant and Veloso, Manuela},
  title = {{Deeplex: A gnn for link prediction in multiplex networks}},
  booktitle = {{SIAM Workshop on Network Science}},
  year = {2020},
}

@inproceedings{Zhang2018Link,
  author = {Zhang, M. and Chen, Y.},
  title = {{Link Prediction Based on Graph Neural Networks}},
  booktitle = {{Proc. Advances in Neural Information Process-ing Systems}},
  year = {2018},
}

@inproceedings{Teshima2021Incorporating,
  author = {Teshima, Takeshi and Sugiyama, Masashi},
  title = {{Incorporating causal graphical prior knowledge into predictive modeling via simple data augmentation}},
  booktitle = {{Proceedings of the Thirty-Seventh Conference on Uncertainty in Artificial Intelligence}},
  pages = {86--96},
  volume = {161},
  series = {{Proceedings of Machine Learning Research}},
  editor = {de Campos, Cassio and Maathuis, Marloes H.},
  year = {2021},
  month = {Jul},
  url = {https://proceedings.mlr.press/v161/teshima21a.html},
}

@inproceedings{Kancheti2022Matching,
  author = {Kancheti, Sai Srinivas and Reddy, Abbavaram Gowtham and Balasubramanian, Vineeth N and Sharma, Amit},
  title = {{Matching learned causal effects of neural networks with domain priors}},
  booktitle = {{Proceedings of the 39th International Conference on Machine Learning}},
  pages = {10676--10696},
  volume = {162},
  series = {{Proceedings of Machine Learning Research}},
  editor = {Chaudhuri, Kamalika and Jegelka, Stefanie and Song, Le and Szepesvari, Csaba and Niu, Gang and Sabato, Sivan},
  year = {2022},
  month = {Jul},
  url = {https://proceedings.mlr.press/v162/kancheti22a.html},
}

@inproceedings{Lu2020Regret,
  author = {Lu, Yangyi and Meisami, Amirhossein and Tewari, Ambuj and Yan, William},
  title = {{Regret analysis of bandit problems with causal background knowledge}},
  booktitle = {{Proceedings of the 36th Conference on Uncertainty in Artificial Intelligence (UAI)}},
  pages = {141--150},
  volume = {124},
  series = {{Proceedings of Machine Learning Research}},
  editor = {Peters, Jonas and Sontag, David},
  year = {2020},
  month = {Aug},
  url = {https://proceedings.mlr.press/v124/lu20a.html},
}

@inproceedings{Tennenholtz2021Bandits,
  author = {Tennenholtz, Guy and Shalit, Uri and Mannor, Shie and Efroni, Yonathan},
  title = {{Bandits with partially observable confounded data}},
  booktitle = {{Proceedings of the Thirty-Seventh Conference on Uncertainty in Artificial Intelligence}},
  pages = {430--439},
  volume = {161},
  series = {{Proceedings of Machine Learning Research}},
  editor = {de Campos, Cassio and Maathuis, Marloes H.},
  year = {2021},
  month = {Jul},
  url = {https://proceedings.mlr.press/v161/tennenholtz21a.html},
}


@article{sharma2020dowhy,
  title={DoWhy: An end-to-end library for causal inference},
  author={Sharma, Amit and Kiciman, Emre},
  journal={arXiv preprint arXiv:2011.04216},
  year={2020}
}

@inproceedings{oprescu2019econml,
  title={EconML: A machine learning library for estimating heterogeneous treatment effects},
  author={Oprescu, Miruna and Syrgkanis, Vasilis and Battocchi, Keith and Hei, Maggie and Lewis, Greg},
  booktitle={33rd Conference on Neural Information Processing Systems},
  pages={6},
  year={2019}
}

@article{zhao2023causal,
  title={Causal ML: Python package for causal inference machine learning},
  author={Zhao, Yang and Liu, Qing},
  journal={SoftwareX},
  volume={21},
  pages={101294},
  year={2023},
  publisher={Elsevier}
}

@inproceedings{liu2022nwhy,
  title={Nwhy: A framework for hypergraph analytics: Representations, data structures, and algorithms},
  author={Liu, Xu T and Firoz, Jesun and Gebremedhin, Assefaw H and Lumsdaine, Andrew},
  booktitle={2022 IEEE International Parallel and Distributed Processing Symposium Workshops (IPDPSW)},
  pages={275--284},
  year={2022},
  organization={IEEE}
}

@article{zheng2023phgraph,
  title={Phgraph: A high-performance reram-based accelerator for hypergraph applications},
  author={Zheng, Long and Hu, Ao and Wang, Qinggang and Huang, Yu and Huang, Haoqin and Yao, Pengcheng and Xiong, Shuyi and Liao, Xiaofei and Jin, Hai},
  journal={IEEE Transactions on Computer-Aided Design of Integrated Circuits and Systems},
  volume={43},
  number={5},
  pages={1318--1331},
  year={2023},
  publisher={IEEE}
}

@article{yan2024reservoir,
  title={Emerging opportunities and challenges for the future of reservoir computing},
  author={Yan, Min and Huang, Can and Bienstman, Peter and Tino, Peter and Lin, Wei and Sun, Jie},
  journal={Nature Communications},
  volume={15},
  number={1},
  pages={2056},
  year={2024},
  publisher={Nature Publishing Group UK London}
}

@article{feller2015hierarchical,
  title={Hierarchical models for causal effects},
  author={Feller, Avi and Gelman, Andrew},
  journal={Emerging trends in the social and behavioral sciences},
  volume={1},
  pages={16},
  year={2015},
  publisher={John Wiley \& Sons, Ltd}
}

@article{maxwell1865viii,
  title={VIII. A dynamical theory of the electromagnetic field},
  author={Maxwell, James Clerk},
  journal={Philosophical transactions of the Royal Society of London},
  number={155},
  pages={459--512},
  year={1865},
  publisher={The Royal Society London}
}

@book{whitehead2010process,
  title={Process and reality},
  author={Whitehead, Alfred North},
  year={2010},
  publisher={Simon and Schuster}
}

@book{bergson2022creative,
  title={Creative evolution},
  author={Bergson, Henri and Landes, Donald and Grosz, Elizabeth},
  year={2022},
  publisher={Routledge}
}

@book{bergson2018time,
  title={Time and free will},
  author={Bergson, Henri},
  year={2018},
  publisher={e-artnow}
}

@article{weinstein2024hierarchical,
  title={Hierarchical causal models},
  author={Weinstein, Eli N and Blei, David M},
  journal={arXiv preprint arXiv:2401.05330},
  year={2024}
}

@article{floridi2025applied,
  title={Applied Philosophy of AI as Conceptual Design},
  author={Floridi, Luciano},
  journal={A Companion to Applied Philosophy of AI},
  pages={31--38},
  year={2025},
  publisher={Wiley Online Library}
}

@article{naur1985programming,
  title={Programming as theory building},
  author={Naur, Peter},
  journal={Microprocessing and microprogramming},
  volume={15},
  number={5},
  pages={253--261},
  year={1985},
  publisher={Elsevier}
}

@article{kiciman2023causal,
  title={Causal reasoning and large language models: Opening a new frontier for causality},
  author={Kiciman, Emre and Ness, Robert and Sharma, Amit and Tan, Chenhao},
  journal={Transactions on Machine Learning Research},
  year={2023}
}

@article{jin2023cladder,
  title={Cladder: Assessing causal reasoning in language models},
  author={Jin, Zhijing and Chen, Yuen and Leeb, Felix and Gresele, Luigi and Kamal, Ojasv and Lyu, Zhiheng and Blin, Kevin and Gonzalez Adauto, Fernando and Kleiman-Weiner, Max and Sachan, Mrinmaya and others},
  journal={Advances in Neural Information Processing Systems},
  volume={36},
  pages={31038--31065},
  year={2023}
}

@article{jin2023can,
  title={Can large language models infer causation from correlation?},
  author={Jin, Zhijing and Liu, Jiarui and Lyu, Zhiheng and Poff, Spencer and Sachan, Mrinmaya and Mihalcea, Rada and Diab, Mona and Sch{\"o}lkopf, Bernhard},
  journal={arXiv preprint arXiv:2306.05836},
  year={2023}
}

@inproceedings{wang2024causalbench,
  title={Causalbench: A comprehensive benchmark for evaluating causal reasoning capabilities of large language models},
  author={Wang, Zeyu},
  booktitle={Proceedings of the 10th SIGHAN Workshop on Chinese Language Processing (SIGHAN-10)},
  pages={143--151},
  year={2024}
}

@article{angrist1996identification,
  title={Identification of causal effects using instrumental variables},
  author={Angrist, Joshua D and Imbens, Guido W and Rubin, Donald B},
  journal={Journal of the American statistical Association},
  volume={91},
  number={434},
  pages={444--455},
  year={1996},
  publisher={Taylor \& Francis}
}

@article{imbens2008regression,
  title={Regression discontinuity designs: A guide to practice},
  author={Imbens, Guido W and Lemieux, Thomas},
  journal={Journal of econometrics},
  volume={142},
  number={2},
  pages={615--635},
  year={2008},
  publisher={Elsevier}
}

@article{card2000minimum,
  title={Minimum wages and employment: a case study of the fast-food industry in New Jersey and Pennsylvania: reply},
  author={Card, David and Krueger, Alan B},
  journal={American Economic Review},
  volume={90},
  number={5},
  pages={1397--1420},
  year={2000},
  publisher={American Economic Association}
}

@article{callaway2021difference,
  title={Difference-in-differences with multiple time periods},
  author={Callaway, Brantly and Sant’Anna, Pedro HC},
  journal={Journal of econometrics},
  volume={225},
  number={2},
  pages={200--230},
  year={2021},
  publisher={Elsevier}
}

@article{peters2016invariant,
  title={Causal inference by using invariant prediction: identification and confidence intervals},
  author={Peters, Jonas and B{\"u}hlmann, Peter and Meinshausen, Nicolai},
  journal={Journal of the Royal Statistical Society Series B: Statistical Methodology},
  volume={78},
  number={5},
  pages={947--1012},
  year={2016},
  publisher={Oxford University Press}
}

@article{arjovsky2019invariant,
  title={Invariant risk minimization},
  author={Arjovsky, Martin and Bottou, L{\'e}on and Gulrajani, Ishaan and Lopez-Paz, David},
  journal={arXiv preprint arXiv:1907.02893},
  year={2019}
}

@inproceedings{krueger2021out,
  title={Out-of-distribution generalization via risk extrapolation (rex)},
  author={Krueger, David and Caballero, Ethan and Jacobsen, Joern-Henrik and Zhang, Amy and Binas, Jonathan and Zhang, Dinghuai and Le Priol, Remi and Courville, Aaron},
  booktitle={International conference on machine learning},
  pages={5815--5826},
  year={2021},
  organization={PMLR}
}

@article{Mart_nez_S_nchez_2024,
   title={Decomposing causality into its synergistic, unique, and redundant components},
   volume={15},
   ISSN={2041-1723},
   url={http://dx.doi.org/10.1038/s41467-024-53373-4},
   DOI={10.1038/s41467-024-53373-4},
   number={1},
   journal={Nature Communications},
   publisher={Springer Science and Business Media LLC},
   author={Martínez-Sánchez, Álvaro and Arranz, Gonzalo and Lozano-Durán, Adrián},
   year={2024},
   month=nov }
   
   @misc{robertson2025dopfnincontextlearningcausal,
      title={Do-PFN: In-Context Learning for Causal Effect Estimation}, 
      author={Jake Robertson and Arik Reuter and Siyuan Guo and Noah Hollmann and Frank Hutter and Bernhard Schölkopf},
      year={2025},
      eprint={2506.06039},
      archivePrefix={arXiv},
      primaryClass={cs.LG},
      url={https://arxiv.org/abs/2506.06039}, 
}

@misc{miller2025counterfactualreasoninganalysisincontext,
      title={Counterfactual reasoning: an analysis of in-context emergence}, 
      author={Moritz Miller and Bernhard Schölkopf and Siyuan Guo},
      year={2025},
      eprint={2506.05188},
      archivePrefix={arXiv},
      primaryClass={cs.CL},
      url={https://arxiv.org/abs/2506.05188}, 
}

@misc{binkyte2025causalitykeyunderstandbalance,
      title={Causality Is Key to Understand and Balance Multiple Goals in Trustworthy ML and Foundation Models}, 
      author={Ruta Binkyte and Ivaxi Sheth and Zhijing Jin and Mohammad Havaei and Bernhard Schölkopf and Mario Fritz},
      year={2025},
      eprint={2502.21123},
      archivePrefix={arXiv},
      primaryClass={cs.LG},
      url={https://arxiv.org/abs/2502.21123}, 
}
