@misc{DeepCausalityWebsite,
  author    = {{The DeepCausality Project Contributors}},
  title     = {DeepCausality: Hyper-geometric Computational Causality},
  year      = {2023},
  url       = {https://deepcausality.com/},
  urldate   = {2025-05-13}, 
  note      = {Official website for the DeepCausality framework.}
}

@misc{DARPA_ANSR,
  title={Assured Neuro Symbolic Learning and Reasoning (ANSR) Summary},
  author={{Defense Advanced Research Projects Agency (DARPA)}},
  howpublished={\url{https://www.darpa.mil/research/programs/assured-neuro-symbolic-learning-and-reasoning}},
  note={Accessed: May 12, 2025}
}

@misc{SEP_Timaeus,
  author       = {Stanford Encyclopedia of Philosophy},
  title        = {Plato's {Timaeus}},
  howpublished = {\url{plato.stanford.edu/entries/plato-timaeus}},
  note         = {Accessed May 18, 2025},
}

@misc{SEP_Metaphysics,
  author       = {Stanford Encyclopedia of Philosophy},
  title        = {Aristotle's {Metaphysics}},
  howpublished = {\url{plato.stanford.edu/entries/aristotle-metaphysics}},
  note         = {Accessed May 18, 2025},
}

@misc{SEP_AristotleCausality,
  author       = {Stanford Encyclopedia of Philosophy},
  title        = {Aristotle on Causality},
  howpublished = {\url{https://plato.stanford.edu/entries/aristotle-causality/\#FourCaus}},
  note         = {Accessed May 18, 2025},
}

@misc{SEP_LeibnizPhysics,
  author       = {Stanford Encyclopedia of Philosophy},
  title        = {Leibniz's Philosophy of Physics},
  howpublished = {\url{https://plato.stanford.edu/entries/leibniz-physics/}},
  note         = {Accessed May 18, 2025},
}

@misc{Seneca_Letters,
  author       = {Seneca, Lucius Annaeus},
  title        = {Selected Philosophical Letters},
  howpublished = {\url{global.oup.com/academic/product/seneca-selected-philosophical-letters-9780198238942}},
  year         = {2007},
  note         = {Published by OUP Oxford; Accessed May 18, 2025},
}

@misc{Einstein_1915Papers,
  author       = {einsteinrelativelyeasy.com},
  title        = {The four {Einstein}'s papers (from {Nov} 1915)},
  howpublished = {\url{https://einsteinrelativelyeasy.com/index.php/einstein/83-the-einstein-field-equations-series}},
  note         = {Description of the four papers from Nov 1915 on General Relativity. Accessed May 18, 2025},
}

@misc{Russell_Cause1912,
  author       = {Russell, Bertrand},
  title        = {On the Notion of Cause},
  howpublished = {\url{doi:10.1093/aristotelian/13.1.1}},
  year         = {1912},
  note         = {Published in Proceedings of the Aristotelian Society, Vol. 13, pp. 1-26; Accessed May 18, 2025},
}

@article{hardy2005probability,
  title={Probability theories with dynamic causal structure: a new framework for quantum gravity},
  author={Hardy, Lucien},
  journal={arXiv preprint gr-qc/0509120},
  year={2005}
}

@article{hardy2007towards,
  title={Towards quantum gravity: A framework for probabilistic theories with non-fixed causal structure},
  author={Hardy, Lucien},
  journal={J. Phys. A},
  volume={40},
  number={12},
  pages={3081},
  year={2007},
  publisher={IOP Publishing}
}

@misc{mrini2024indefinitecausalstructurecausal,
      title={Indefinite Causal Structure and Causal Inequalities with Time-Symmetry}, 
      author={Luke Mrini and Lucien Hardy},
      year={2024},
      eprint={2406.18489},
      archivePrefix={arXiv},
      primaryClass={quant-ph},
      url={https://arxiv.org/abs/2406.18489}, 
}

@article{jordan2015machine,
  title={Machine learning: Trends, perspectives, and prospects},
  author={Jordan, Michael I and Mitchell, Tom M},
  journal={Science},
  volume={349},
  number={6245},
  pages={255--260},
  year={2015},
  publisher={American Association for the Advancement of Science}
}

@article{chickering2002optimal,
  title={Optimal structure identification with greedy search},
  author={Chickering, David Maxwell},
  journal={Journal of machine learning research},
  volume={3},
  number={Nov},
  pages={507--554},
  year={2002}
}

@misc{bishop2020artificialintelligencestupidcausal,
      title={Artificial Intelligence is stupid and causal reasoning won't fix it}, 
      author={John Mark Bishop},
      year={2020},
      eprint={2008.07371},
      archivePrefix={arXiv},
      primaryClass={cs.CY},
      url={https://arxiv.org/abs/2008.07371}, 
}

@inproceedings{sherman2020general,
  title={General identification of dynamic treatment regimes under interference},
  author={Sherman, Eli and Arbour, David and Shpitser, Ilya},
  booktitle={International Conference on Artificial Intelligence and Statistics},
  pages={3917--3927},
  year={2020},
  organization={PMLR}
}

@article{granger1980testing,
  title={Testing for causality: A personal viewpoint},
  author={Granger, Clive WJ},
  journal={Journal of Economic Dynamics and control},
  volume={2},
  pages={329--352},
  year={1980},
  publisher={Elsevier}
}

@misc{padav2021granger,
  title={Granger causality in time series--explained using chicken and egg problem},
  author={Padav, P},
  year={2021}
}

@article{geweke1982measurement,
  title={Measurement of linear dependence and feedback between multiple time series},
  author={Geweke, John},
  journal={Journal of the American statistical association},
  volume={77},
  number={378},
  pages={304--313},
  year={1982},
  publisher={Taylor \& Francis}
}

@inproceedings{hasan2022kcrl,
  title={Kcrl: A prior knowledge based causal discovery framework with reinforcement learning},
  author={Hasan, Uzma and Gani, Md Osman},
  booktitle={Machine Learning for Healthcare Conference},
  pages={691--714},
  year={2022},
  organization={PMLR}
}

@article{richardson2003causal,
  title={Causal inference via ancestral graph models},
  author={Richardson, Thomas S and Spirtes, Peter},
  journal={Oxford Statistical Science Series},
  pages={83--105},
  year={2003},
  publisher={OXFORD UNIV PRESS}
}

@article{wolff2018solutions,
  title={Solutions to problems with deep learning},
  author={Wolff, J Gerard},
  journal={arXiv preprint arXiv:1801.05457},
  year={2018}
}

@article{marcus2018deep,
  title={Deep learning: A critical appraisal},
  author={Marcus, Gary},
  journal={arXiv preprint arXiv:1801.00631},
  year={2018}
}

@article{davis2015commonsense,
  title={Commonsense reasoning and commonsense knowledge in artificial intelligence},
  author={Davis, Ernest and Marcus, Gary},
  journal={Communications of the ACM},
  volume={58},
  number={9},
  pages={92--103},
  year={2015},
  publisher={ACM New York, NY, USA}
}

@misc{hasan2024surveycausaldiscoverymethods,
      title={A Survey on Causal Discovery Methods for I.I.D. and Time Series Data}, 
      author={Uzma Hasan and Emam Hossain and Md Osman Gani},
      year={2024},
      eprint={2303.15027},
      archivePrefix={arXiv},
      primaryClass={cs.AI},
      url={https://arxiv.org/abs/2303.15027}, 
}

@article{moraffah2020causal,
  title={Causal interpretability for machine learning-problems, methods and evaluation},
  author={Moraffah, Raha and Karami, Mansooreh and Guo, Ruocheng and Raglin, Adrienne and Liu, Huan},
  journal={ACM SIGKDD Explorations Newsletter},
  volume={22},
  number={1},
  pages={18--33},
  year={2020},
  publisher={ACM New York, NY, USA}
}

@article{baykal2022bandit,
  title={Bandit Sampling for Multiplex Networks},
  author={Baykal, Cenk and Potluru, Vamsi K and Shah, Sameena and Veloso, Manuela M},
  journal={arXiv preprint arXiv:2202.03621},
  year={2022}
}

@inproceedings{bareinboim2020causal,
  title={A calculus for stochastic interventions: Causal effect identification and surrogate experiments},
  author={Correa, Juan and Bareinboim, Elias},
  booktitle={Proceedings of the AAAI conference on artificial intelligence},
  volume={34},
  pages={10093--10100},
  year={2020}
}

@inproceedings{gao2021dag,
  title={DAG-GAN: Causal structure learning with generative adversarial nets},
  author={Gao, Yinghua and Shen, Li and Xia, Shu-Tao},
  booktitle={ICASSP 2021-2021 IEEE International Conference on Acoustics, Speech and Signal Processing (ICASSP)},
  pages={3320--3324},
  year={2021},
  organization={IEEE}
}

@article{bareinboim2012causal,
  title={Causal inference by surrogate experiments: z-identifiability},
  author={Bareinboim, Elias and Pearl, Judea},
  journal={arXiv preprint arXiv:1210.4842},
  pages={113--120},
  year={2012},
  publisher={AUAI Press}
}

@article{bareinboim2016causal,
  title={Causal inference and the data-fusion problem},
  author={Bareinboim, Elias and Pearl, Judea},
  journal={Proceedings of the National Academy of Sciences},
  volume={113},
  number={27},
  pages={7345--7352},
  year={2016},
  publisher={National Academy of Sciences}
}

@article{bikak2020structural,
  title={Structural causal model with expert augmented knowledge to estimate the effect of oxygen therapy},
  author={Bikak, Marvi and Kethireddy, Shravan and Gani, Md Osman and Adibuzzaman, Mohammad},
  journal={CHEST},
  volume={158},
  number={4},
  pages={A636},
  year={2020},
  publisher={Elsevier}
}

@article{binkowski2017autoregressive,
  title={Autoregressive Convolutional Neural Networks for Asynchronous Time Series},
  author={Binkowski, Mateusz and Marti, Gautier and Donnat, Philippe},
  journal={arXiv preprint arXiv:1703.04122},
  year={2017}
}

@article{blobaum2024dowhy,
  title={DoWhy-GCM: An Extension of DoWhy for Causal Inference in Graphical Causal Models},
  author={Bl{\"o}baum, Patrick and G{\"o}tz, Peter and Budhathoki, Kailash and Mastakouri, Atalanti A and Janzing, Dominik},
  journal={Journal of Machine Learning Research},
  volume={25},
  pages={1--7},
  year={2024}
}

@inproceedings{borovykh2017conditional,
  title={Conditional time series forecasting with convolutional neural networks},
  author={Borovykh, Anastasia and Bohte, Sander and Oosterlee, Cornelis W},
  booktitle={Lecture Notes in Computer Science/Lecture Notes in Artificial Intelligence},
  volume={10614},
  pages={729--730},
  year={2017},
  organization={Springer}
}

@article{buhlmann2014cam,
  title={CAM: Causal Additive Models, high-dimensional order search and penalized regression},
  author={B{\"u}hlmann, Peter and Peters, Jonas and Ernest, Jan},
  journal={The Annals of Statistics},
  volume={42},
  number={6},
  pages={2526--2556},
  year={2014},
  publisher={Institute of Mathematical Statistics}
}

@article{chen2006frequency,
  title={Frequency decomposition of conditional Granger causality and application to multivariate neural field potential data},
  author={Chen, Yongmei and Bressler, Steven L and Ding, Mingzhou},
  journal={J. Neurosci. Methods},
  volume={150},
  pages={228--237},
  year={2006},
  publisher={Elsevier}
}

@article{coecke2012causal,
  title={Causal categories: relativistically interacting processes},
  author={Coecke, Bob and Lal, Robin},
  journal={Foundations of Physics},
  volume={43},
  number={4},
  pages={458--501},
  year={2012},
  publisher={Springer}
}

@article{costa2015quantum,
  title={Quantum causal modelling},
  author={Costa, Fabio and Shrapnel, Sally},
  journal={New Journal of Physics},
  volume={18},
  number={6},
  pages={063032},
  year={2015},
  publisher={IOP Publishing}
}

@book{dubois2020glance,
  title={A glance at causality theories for artificial intelligence},
  author={Dubois, Didier and Prade, Henri},
  booktitle={A Guided Tour of Artificial Intelligence Research: Volume I: Knowledge Representation, Reasoning and Learning},
  pages={275--305},
  year={2020},
  publisher={Springer}
}

@article{ebert-uphoff2012causal,
  title={Causal discovery for climate research using graphical models},
  author={Ebert-Uphoff, Imme and Deng, Yi},
  journal={Journal of Climate},
  volume={25},
  number={17},
  pages={5648--5665},
  year={2012},
  publisher={American Meteorological Society}
}

@article{ebert-uphoff2017causal,
  title={Causal discovery in the geosciences—using synthetic data to learn how to interpret results},
  author={Ebert-Uphoff, Imme and Deng, Yi},
  journal={Computers \& Geosciences},
  volume={99},
  pages={50--60},
  year={2017},
  publisher={Elsevier}
}

@article{friston2011analysing,
  title={Analysing connectivity with Granger causality and dynamic causal modelling},
  author={Friston, Karl and Moran, Rosalyn and Seth, Anil K},
  journal={Current opinion in neurobiology},
  volume={23},
  number={2},
  pages={172--178},
  year={2013},
  publisher={Elsevier}
}

@article{gani2023structural,
  title={Structural causal model with expert augmented knowledge to estimate the effect of oxygen therapy on mortality in the icu},
  author={Gani, Md Osman and Kethireddy, Shravan and Adib, Riddhiman and Hasan, Uzma and Griffin, Paul and Adibuzzaman, Mohammad},
  journal={Artificial Intelligence in Medicine},
  volume={137},
  pages={102493},
  year={2023},
  publisher={Elsevier}
}

@article{granger1969investigating,
  title={Investigating causal relations by econometric models and cross-spectral methods},
  author={Granger, Clive WJ},
  journal={Econometrica: journal of the Econometric Society},
  pages={424--438},
  year={1969},
  publisher={Wiley-Blackwell}
}

@article{halpern2000axiomatizing,
  title={Axiomatizing causal reasoning},
  author={Halpern, Joseph Y},
  journal={J. Artif. Intell. Res.},
  volume={12},
  pages={317--337},
  year={2000}
}

@article{halpern2013causal,
  title={From causal models to counterfactual structures},
  author={Halpern, Joseph Y},
  journal={Review of Symbolic Logic},
  volume={6},
  number={2},
  pages={305--322},
  year={2013},
  publisher={Cambridge University Press}
}


@inproceedings{huang2006identifiabilitya,
  title={Identifiability in causal bayesian networks: A sound and complete algorithm},
  author={Huang, Yimin and Valtorta, Marco},
  booktitle={Proceedings of the national conference on artificial intelligence},
  volume={21},
  number={2},
  pages={1149},
  year={2006},
  organization={Menlo Park, CA; Cambridge, MA; London; AAAI Press; MIT Press; 1999}
}

@inproceedings{huang2006identifiabilityb,
  title={Pearl’s Calculus of Intervention Is Complete},
  author={Huang, Yimin and Valtorta, Marco},
  booktitle={Proceedings of the Twenty-Second Conference on Uncertainty in Artificial Intelligence},
  pages={217--224},
  year={2006},
  publisher={AUAI Press}
}

@inproceedings{huang2015fast,
  title={Fast and Accurate Causal Inference from Time Series Data},
  author={Huang, Yiyi and Kleinberg, Samantha},
  booktitle={Proceedings of the FLAIRS Conference},
  pages={49--54},
  year={2015}
}

@article{hunermund2019causal,
      title={Causal Inference and Data Fusion in Econometrics}, 
      author={Paul Hünermund and Elias Bareinboim},
      year={2023},
      eprint={1912.09104},
      journal={arXiv},
      primaryClass={econ.EM},
      url={https://arxiv.org/abs/1912.09104}, 
}

@inproceedings{hyttinen2014constraint,
  title={Constraint-based causal discovery: Conflict resolution with answer set programming},
  author={Hyttinen, Antti and Eberhardt, Frederick and J{\"a}rvisalo, Matti},
  booktitle={Proceedings of the 30th Conference on Uncertainty in Artificial Intelligence},
  pages={340--349},
  year={2014}
}

@article{kalainathan2019causal,
  title={Causal discovery toolbox: Uncover causal relationships in python},
  author={Kalainathan, Diviyan and Goudet, Olivier},
  journal={arXiv preprint arXiv:1903.02278},
  year={2019}
}

@article{kissinger2019categorical,
  title={A CATEGORICAL SEMANTICS FOR CAUSAL STRUCTURE},
  author={Kissinger, Aleks and Uijlen, Sander},
  journal={LOGICAL METHODSl IN COMPUTER SCIENCE},
  volume={15},
  number={3},
  year={2019},
  publisher={Schloss Dagstuhl-Leibniz-Zentrum f{\"u}r Informatik}
}

@book{koller2009probabilistic,
  title={Probabilistic Graphical Models: Principles and Techniques},
  author={Koller, Daphne and Friedman, Nir},
  year={2009},
  publisher={MIT press}
}

@article{shpitser2012efficient,
  title={An efficient algorithm for computing interventional distributions in latent variable causal models},
  author={Shpitser, Ilya and Richardson, Thomas S and Robins, James M},
  journal={arXiv preprint arXiv:1202.3763},
  year={2012}
}

@book{kuroki1999identifiability,
    author="Kuroki, Manabu and Miyakawa, Masami",
    title="IDENTIFIABILITY CRITERIA FOR CAUSAL EFFECTS OF JOINT INTERVENTIONS",
    journal="JOURNAL OF THE JAPAN STATISTICAL SOCIETY",
    ISSN="1882-2754",
    publisher="THE JAPAN STATISTICAL SOCIETY",
    year="1999",
    volume="29",
    number="2",
    pages="105-117",
    DOI="10.14490/jjss1995.29.105",
    URL="https://cir.nii.ac.jp/crid/1390282680263591424"
}


@book{lauritzen1996graphical,
  title={Graphical Models},
  author={Lauritzen, Steffen L},
  year={1996},
  publisher={Clarendon Press}
}

@inproceedings{lee2019general,
  title={General Identifiability with Arbitrary Surrogate Experiments},
  author={Lee, Sanghack and Correa, Juan D and Bareinboim, Elias},
  booktitle={Proceedings of the Thirty-Fifth Conference Annual Conference on Uncertainty in Artificial Intelligence},
  year={2019},
  publisher={AUAI Press}
}


@article{liu2012relationship,
  title={The relationship between transfer entropy and directed information},
  author={Liu, Yang and Aviyente, Selin},
  journal={Proceedings of the Statistical Signal Processing Workshop (SSP)},
  pages={73--76},
  year={2012},
  organization={IEEE}
}


@article{ma2008structural,
  title={Structural learning of chain graphs via decomposition},
  author={Ma, Zongming and Xie, Xianchao and Geng, Zhi},
  journal={Journal of Machine Learning Research},
  volume={9},
  pages={2847--2880},
  year={2008}
}

@inproceedings{maier2013sound,
  title={A sound and complete algorithm for learning causal models from relational data},
  author={Maier, Marc and Marazopoulou, Katerina and Arbour, David and Jensen, David},
  booktitle={Proceedings of the Twenty-Ninth Conference on Uncertainty in Artificial Intelligence},
  pages={371--380},
  year={2013},
  publisher={AUAI Press}
}

@article{malinsky2018causal,
  title={Causal discovery algorithms: A practical guide},
  author={Malinsky, Daniel and Danks, David},
  journal={Philosophy Compass},
  volume={13},
  number={10},
  pages={e12470},
  year={2018},
  publisher={Wiley Online Library}
}

@inproceedings{mani1999study,
  title={A study in causal discovery from population-based infant birth and death records},
  author={Mani, Subramani and Cooper, Gregory F},
  booktitle={Proceedings of the AMIA Symposium},
  pages={315},
  year={1999},
  organization={American Medical Informatics Association}
}

@article{mckay2004acyclic,
  title={Acyclic digraphs and eigenvalues of (0, 1)-matrices},
  author={McKay, Brendan D and Oggier, Fr{\'e}d{\'e}rique E and Royle, Gordon F and Sloane, Neil JA and Wanless, Ian M and Wilf, Herbert S},
  journal={Journal of Integer Sequences},
  volume={7},
  number={2},
  pages={3},
  year={2004}
}

@article{mooij2020joint,
  title={Joint Causal Inference from Multiple Contexts},
  author={Mooij, Joris M and Magliacane, Sara and Claassen, Tom},
  journal={Journal of Machine Learning Research},
  volume={21},
  pages={1--108},
  year={2020}
}

@article{nabi2016coxphmic,
  title={coxphMIC: An R package for sparse estimation of Cox proportional hazards models},
  author={Nabi, Rahmad and Su, Xiaogang},
  journal={arXiv preprint arXiv:1606.07868},
  year={2016}
}

@article{nauta2019causal,
  title={Causal Discovery with Attention-Based Convolutional Neural Networks},
  author={Nauta, Meike and Bucur, Doina and Seifert, Christin},
  journal={Machine Learning and Knowledge Extraction},
  volume={1},
  number={1},
  pages={19},
  year={2019},
  publisher={MDPI}
}

@article{sharma2020dowhy,
  title={DoWhy: An end-to-end library for causal inference},
  author={Sharma, Amit and Kiciman, Emre},
  journal={arXiv preprint arXiv:2011.04216},
  year={2020}
}

@inproceedings{oprescu2019econml,
  title={EconML: A machine learning library for estimating heterogeneous treatment effects},
  author={Oprescu, Miruna and Syrgkanis, Vasilis and Battocchi, Keith and Hei, Maggie and Lewis, Greg},
  booktitle={33rd Conference on Neural Information Processing Systems},
  pages={6},
  year={2019}
}

@misc{berrevoets2024causaldeeplearning,
      title={Causal Deep Learning}, 
      author={Jeroen Berrevoets and Krzysztof Kacprzyk and Zhaozhi Qian and Mihaela van der Schaar},
      year={2024},
      eprint={2303.02186},
      archivePrefix={arXiv},
      primaryClass={cs.LG},
      url={https://arxiv.org/abs/2303.02186}, 
}

@misc{berrevoets2022navigatingcausaldeeplearning,
      title={Navigating causal deep learning}, 
      author={Jeroen Berrevoets and Krzysztof Kacprzyk and Zhaozhi Qian and Mihaela van der Schaar},
      year={2022},
      eprint={2212.00911},
      archivePrefix={arXiv},
      primaryClass={cs.LG},
      url={https://arxiv.org/abs/2212.00911}, 
}

@article{schreiber2000measuring,
  title={Measuring information transfer},
  author={Schreiber, Thomas},
  journal={Physical review letters},
  volume={85},
  number={2},
  pages={461},
  year={2000},
  publisher={APS}
}

@article{zhao2023causal,
  title={Causal ML: Python package for causal inference machine learning},
  author={Zhao, Yang and Liu, Qing},
  journal={SoftwareX},
  volume={21},
  pages={101294},
  year={2023},
  publisher={Elsevier}
}

@book{pearl2000causality,
  title={Causality: Models, Reasoning, and Inference},
  author={Pearl, Judea},
  year={2000},
  publisher={Cambridge University Press}
}

@misc{pearl2001direct,
      title={Direct and Indirect Effects}, 
      author={Judea Pearl},
      year={2013},
      eprint={1301.2300},
      archivePrefix={arXiv},
      primaryClass={cs.AI},
      url={https://arxiv.org/abs/1301.2300}, 
}

@article{zhang2012dynamic,
  title={Dynamic uncertain causality graph for knowledge representation and reasoning: Discrete DAG cases},
  author={Zhang, Qin},
  journal={Journal of Computer Science and Technology},
  volume={27},
  number={1},
  pages={1--23},
  year={2012},
  publisher={Springer}
}

@inproceedings{xu2019explainable,
  title={Explainable AI: A brief survey on history, research areas, approaches and challenges},
  author={Xu, Feiyu and Uszkoreit, Hans and Du, Yangzhou and Fan, Wei and Zhao, Dongyan and Zhu, Jun},
  booktitle={Natural language processing and Chinese computing: 8th cCF international conference, NLPCC 2019, dunhuang, China, October 9--14, 2019, proceedings, part II 8},
  pages={563--574},
  year={2019},
  organization={Springer}
}

@misc{matarazzo2025surveyllm,
      title={A Survey on Large Language Models with some Insights on their Capabilities and Limitations}, 
      author={Andrea Matarazzo and Riccardo Torlone},
      year={2025},
      eprint={2501.04040},
      archivePrefix={arXiv},
      primaryClass={cs.CL},
      url={https://arxiv.org/abs/2501.04040}, 
}

@book{pearl2012book,
  title={The Book of Why},
  author={Pearl, Judea and Mackenzie, Dana},
  year={2018},
  publisher={Basic Books},
  isbn={046509760X}
}


@article{runge2019detecting,
  title={Detecting and quantifying causal associations in large nonlinear time series datasets},
  author={Runge, Jakob and Nowack, Peer and Kretschmer, Marlene and Flaxman, Seth and Sejdinovic, Dino},
  journal={Science advances},
  volume={5},
  number={11},
  pages={eaau4996},
  year={2019},
  publisher={American Association for the Advancement of Science}
}


@article{shen2020challenges,
  title={Challenges and opportunities with causal discovery algorithms: application to alzheimer’s pathophysiology},
  author={Shen, Xinpeng and Ma, Sisi and Vemuri, Prashanthi and Simon, Gyorgy},
  journal={Scientific reports},
  volume={10},
  number={1},
  pages={1--12},
  year={2020},
  publisher={Nature Publishing Group}
}

@article{shen2021novel,
  title={A novel method for causal structure discovery from ehr data and its application to type-2 diabetes mellitus},
  author={Shen, Xinpeng and Ma, Sisi and Vemuri, Prashanthi and Castro, M Regina and Caraballo, Pedro J and Simon, Gyorgy J},
  journal={Scientific reports},
  volume={11},
  number={1},
  pages={1--9},
  year={2021},
  publisher={Nature Publishing Group}
}

@article{shpitser2008complete,
  title={Complete Identification Methods for the Causal Hierarchy},
  author={Shpitser, Ilya and Pearl, Judea},
  journal={Journal of Machine Learning Research},
  volume={9},
  pages={1941--1979},
  year={2008},
  publisher={JMLR. org}
}

@book{shpitser2007what,
  title={What counterfactuals can be tested},
  author={Shpitser, Ilya and Pearl, Judea},
  booktitle={Twenty Third Conference on Uncertainty in Artificial Intelligence},
  year={2007},
  publisher={Morgan Kaufmann}
}

@article{ramachandra2018deep,
  title={Deep learning for causal inference},
  author={Ramachandra, Vikas},
  journal={arXiv preprint arXiv:1803.00149},
  year={2018}
}

@article{acciaio2024designing,
  title={Designing universal causal deep learning models: The geometric (hyper) transformer},
  author={Acciaio, Beatrice and Kratsios, Anastasis and Pammer, Gudmund},
  journal={Mathematical Finance},
  volume={34},
  number={2},
  pages={671--735},
  year={2024},
  publisher={Wiley Online Library}
}

@article{deng2022deep,
  title={Deep causal learning: representation, discovery and inference},
  author={Deng, Zizhen and Zheng, Xiaolong and Tian, Hu and Zeng, Daniel Dajun},
  journal={arXiv preprint arXiv:2211.03374},
  year={2022}
}

@article{jiao2024causal,
  title={Causal inference meets deep learning: A comprehensive survey},
  author={Jiao, Licheng and Wang, Yuhan and Liu, Xu and Li, Lingling and Liu, Fang and Ma, Wenping and Guo, Yuwei and Chen, Puhua and Yang, Shuyuan and Hou, Biao},
  journal={Research},
  volume={7},
  pages={0467},
  year={2024},
  publisher={AAAS}
}

@book{spirtes2000causation,
  title={Causation, prediction, and search},
  author={Spirtes, Peter and Glymour, Clark N and Scheines, Richard},
  year={2000},
  publisher={MIT press}
}

@book{spirtes1993causation,
  title={Causation, Prediction, and Search},
  author={Spirtes, Peter and Glymour, Clark N and Scheines, Richard},
  year={1993},
  publisher={Springer Verlag}
}

@article{spirtes2016causal,
  title={Causal discovery and inference: Concepts and recent methodological advances},
  author={Spirtes, Peter and Zhang, Kun},
  journal={Applied Informatics},
  volume={3},
  pages={3},
  year={2016},
  publisher={Springer}
}

@article{tchetgen2012causal,
  title={On causal inference in the presence of interference},
  author={Tchetgen Tchetgen, Eric J and VanderWeele, Tyler J},
  journal={Statistical Methods in Medical Research},
  volume={21},
  number={1},
  pages={55--75},
  year={2012},
  publisher={Sage Publications Sage UK: London, England}
}

@article{tchetgen2017auto,
  title={Auto-G-Computation of causal effects on a network},
  author={Tchetgen Tchetgen, Eric J and Fulcher, Isabel and Shpitser, Ilya},
  journal={arXiv preprint arXiv:1709.01577}, 
  url={https://arxiv.org/abs/1709.01577},
  year={2017}
}

@inproceedings{ma2022learning,
  title={Learning causal effects on hypergraphs},
  author={Ma, Jing and Wan, Mengting and Yang, Longqi and Li, Jundong and Hecht, Brent and Teevan, Jaime},
  booktitle={Proceedings of the 28th ACM SIGKDD Conference on Knowledge Discovery and Data Mining},
  pages={1202--1212},
  year={2022}
}

@article{tian2002identification,
  title={On the identification of causal effects},
  author={Tian, Jin and Pearl, Judea},
  journal={Technical Report R-290-L, Department of Computer Science, University of California, Los Angeles},
  year={2002}
}


@article{verma1986causal,
  title={Causal networks: semantics and expressiveness},
  author={Verma, Thomas S},
  journal={Technical Report R-65, Cognitive Systems Laborator, University of California, Los Angeles},
  year={1986}
}

@article{vowels2021dya,
  title={D’ya like dags? a survey on structure learning and causal discovery},
  author={Vowels, Matthew J and Camgoz, Necati Cihan and Bowden, Richard},
  journal={ACM Computing Surveys (CSUR)},
  year={2021},
  publisher={ACM New York, NY, USA}
}

@inproceedings{walther2004usefulness,
  title={On the usefulness of attention for object recognition},
  author={Walther, Dirk and Rutishauser, Urs and Koch, Christof and Perona, Pietro},
  booktitle={Proceedings of the Workshop on Attention and Performance in Computational Vision at ECCV},
  pages={96--103},
  year={2004}
}

@inproceedings{wang2006causal,
  title={A causal discovery approach to identifying active components of herbal medicine},
  author={Wang, Yi and Wang, Xuewei and Cheng, Yiyu},
  booktitle={2005 IEEE Engineering in Medicine and Biology 27th Annual Conference},
  pages={7718--7721},
  year={2006},
  organization={IEEE}
}

@article{wong2022computational,
  title={Computational Causal Inference},
  author={Wong, Jeffrey C},
  journal={arXiv preprint arXiv:2007.10979},
  url={https://arxiv.org/abs/2007.10979},
  year={2020}
}

@book{zenil2023algorithmic,
  title={Algorithmic Information Dynamics: A Computational Approach to Causality with Applications to Living Systems},
  author={Zenil, Hector and Kiani, Narsis A and Tegnér, Jesper},
  year={2023},
  publisher={Cambridge University Press}
}

@article{zhang2021gcastle,
  title={gcastle: A python toolbox for causal discovery},
  author={Zhang, Keli and Zhu, Shengyu and Kalander, Marcus and Ng, Ignavier and Ye, Junjian and Chen, Zhitang and Pan, Lujia},
  journal={arXiv preprint arXiv:2111.15155},
  url={https://arxiv.org/abs/2111.15155},
  year={2021}
}

@article{Ouvrard2020Hypergraphs,
  author = {Ouvrard, Xavier},
  title = {{HYPERGRAPHS: AN INTRODUCTION AND REVIEW}},
  journal = {arXiv preprint arXiv:2002.05014},
  year = {2020},
  month = {March},
  note = {Extract from 2002.05014.pdf [1]}
}

@inproceedings{Bertault2001Drawing,
  author = {Bertault, François and Eades, Peter},
  title = {{Drawing Hypergraphs in the Subset Standard (Short Demo Paper)}},
  booktitle = {{Graph Drawing}},
  pages = {164--169},
  volume = {1984},
  series = {{Springer Berlin Heidelberg}},
  year = {2001},
  address = {Berlin, Heidelberg},
  isbn = {978-3-540-41554-1 978-3-540-44541-8},
  doi = {10.1007/3-540-44541-2_15},
  url = {https://doi.org/DOI:10.1007/3-540-44541-2_15},
  note = {Extract from 2002.05014.pdf [2, 3]}
}

@misc{Ouvrard2017Networks,
  author = {Ouvrard, Xavier and Le Goff, Jean-Marie and Marchand-Maillet, Stéphane},
  title = {{Networks of Collaborations: Hypergraph Modeling and Visualisation}},
  howpublished = {arXiv preprint arXiv:1707.00115},
  year = {2017},
  note = {Extract from 2002.05014.pdf [4, 5]}
}

@book{Adamek2004Abstract,
  author = {Adámek, Jiří and Herrlich, Horst and Strecker, George E},
  title = {{Abstract and concrete categories. The joy of cats}},
  year = {2004},
  url = {http://katmat.math.uni-bremen.de/acc/acc.pdf},
  publisher={Wiley Online Library},
  note = {Extract from 2002.05014.pdf [6]}
}

@article{Alsallakh2016State,
  author = {Alsallakh, Bilal and Micallef, Luana and Aigner, Wolfgang and Hauser, Helwig and Miksch, Silvia and Rodgers, Peter},
  title = {{The State-of-the-Art of Set Visualization: The State-of-the-Art of Set Visualization}},
  journal = {{Computer Graphics Forum}},
  volume = {35},
  number = {1},
  pages = {234--260},
  year = {2016},
  month = {February},
  issn = {01677055},
  doi = {10.1111/cgf.12722},
  url = {https://doi.org/10.1111/cgf.12722},
  note = {Extract from 2002.05014.pdf [6]}
}

@article{Ballard2016Hypergraph,
  author = {Ballard, Grey and Druinsky, Alex and Knight, Nicholas and Schwartz, Oded},
  title = {{Hypergraph Partitioning for Sparse Matrix-Matrix Multiplication}},
  journal = {{ACM Transactions on Parallel Computing}},
  volume = {3},
  number = {3},
  pages = {1--34},
  year = {2016},
  month = {December},
  issn = {23294949},
  doi = {10.1145/3015144},
  url = {https://doi.org/10.1145/3015144},
  note = {Extract from 2002.05014.pdf [7]}
}

@inproceedings{Bendersky2012Modeling,
  author = {Bendersky, Michael and Croft, W. Bruce},
  title = {{Modeling higher-order term dependencies in information retrieval using query hypergraphs}},
  booktitle = {{Proceedings of the 35th international ACM SIGIR conference on Research and development in information retrieval - SIGIR ’12}},
  pages = {941},
  year = {2012},
  address = {Portland, Oregon, USA},
  publisher = {{ACM Press}},
  isbn = {978-1-4503-1472-5},
  doi = {10.1145/2348283.2348408},
  url = {https://doi.org/10.1145/2348283.2348408},
  note = {Extract from 2002.05014.pdf [7]}
}

@article{Benson2018Simplicial,
  author = {Benson, Austin R. and Abebe, Rediet and Schaub, Michael T. and Jadbabaie, Ali and Kleinberg, Jon},
  title = {{Simplicial closure and higher-order link prediction}},
  journal = {{Proceedings of the National Academy of Sciences}},
  volume = {115},
  number = {48},
  pages = {E11221--E11230},
  year = {2018},
  month = {November},
  issn = {0027-8424, 1091-6490},
  doi = {10.1073/pnas.1800683115},
  url = {https://doi.org/10.1073/pnas.1800683115},
  note = {Extract from 2002.05014.pdf [3]}
}

@book{Berge1970Graphes,
  author = {Berge, Claude},
  title = {{Graphes et hypergraphes}},
  year = {1970},
  publisher = {Dunod},
  address = {Paris},
  note = {Extract from 2002.05014.pdf [3]}
}

@book{Berge1973Graphs,
  author = {Berge, Claude},
  title = {{Graphs and hypergraphs}},
  year = {1973},
  volume = {7},
  publisher = {North-Holland publishing company Amsterdam},
  note = {Extract from 2002.05014.pdf [3]}
}

@article{Blondel2008Fast,
  author = {Blondel, Vincent D and Guillaume, Jean-Loup and Lambiotte, Renaud and Lefebvre, Etienne},
  title = {{Fast unfolding of communities in large networks}},
  journal = {{Journal of Statistical Mechanics: Theory and Experiment}},
  volume = {2008},
  number = {10},
  pages = {P10008},
  year = {2008},
  month = {October},
  issn = {1742-5468},
  doi = {10.1088/1742-5468/2008/10/P10008},
  url = {https://doi.org/10.1088/1742-5468/2008/10/P10008},
  note = {Extract from 2002.05014.pdf [8]}
}

@book{Bretto2013Hypergraph,
  author = {Bretto, Alain},
  title = {{Hypergraph Theory}},
  series = {{Mathematical Engineering}},
  publisher = {{Springer International Publishing}},
  address = {Heidelberg},
  year = {2013},
  isbn = {978-3-319-00079-4 978-3-319-00080-0},
  doi = {10.1007/978-3-319-00080-0},
  url = {https://doi.org/10.1007/978-3-319-00080-0},
  note = {Extract from 2002.05014.pdf [8]}
}

@inproceedings{Bu2010Music,
  author = {Bu, Jiajun and Tan, Shulong and Chen, Chun and Wang, Can and Wu, Hao and Zhang, Lijun and He, Xiaofei},
  title = {{Music recommendation by unified hypergraph: combining social media information and music content}},
  booktitle = {{Proceedings of the international conference on Multimedia - MM ’10}},
  pages = {391},
  year = {2010},
  address = {Firenze, Italy},
  publisher = {{ACM Press}},
  isbn = {978-1-60558-933-6},
  doi = {10.1145/1873951.1874005},
  url = {https://doi.org/10.1145/1873951.1874005},
  note = {Extract from 2002.05014.pdf [9]}
}

@incollection{Bujtas2015Hypergraph,
  author = {Bujtás, Csilla and Tuza, Zsolt and Voloshin, Vitaly},
  title = {{Hypergraph colouring}},
  booktitle = {{Topics in Chromatic Graph Theory}},
  pages = {230--254},
  publisher = {{Cambridge University Press}},
  address = {Cambridge},
  year = {2015},
  isbn = {978-1-139-51979-3},
  doi = {10.1017/CBO9781139519793.014},
  url = {https://doi.org/10.1017/CBO9781139519793.014},
  note = {Extract from 2002.05014.pdf [9]}
}

@article{Catalyurek1999Hypergraph,
  author = {Catalyurek, U.V. and Aykanat, C.},
  title = {{Hypergraph-partitioning-based decomposition for parallel sparse-matrix vector multiplication}},
  journal = {{IEEE Transactions on Parallel and Distributed Systems}},
  volume = {10},
  number = {7},
  pages = {673--693},
  year = {1999},
  month = {July},
  issn = {10459219},
  doi = {10.1109/71.780863},
  url = {https://doi.org/10.1109/71.780863},
  note = {Extract from 2002.05014.pdf [10]}
}

@incollection{Chauve2013Hypergraph,
  author = {Chauve, Cedric and Patterson, Murray and Rajaraman, Ashok},
  title = {{Hypergraph Covering Problems Motivated by Genome Assembly Questions}},
  booktitle = {{Combinatorial Algorithms}},
  pages = {428--432},
  volume = {8288},
  series = {{Springer Berlin Heidelberg}},
  address = {Berlin, Heidelberg},
  year = {2013},
  publisher={Springer},
  isbn = {978-3-642-45277-2 978-3-642-45278-9},
  doi = {10.1007/978-3-642-45278-9_37},
  url = {https://doi.org/10.1007/978-3-642-45278-9_37},
  note = {Extract from 2002.05014.pdf [10]}
}

@inproceedings{Chazelle1988Deterministic,
  author = {Chazelle, B. and Friedman, J.},
  title = {{A deterministic view of random sampling and its use in geometry}},
  booktitle = {{[Proceedings 1988] 29th Annual Symposium on Foundations of Computer Science}},
  pages = {539--549},
  year = {1988},
  address = {White Plains, NY, USA},
  publisher = {{IEEE}},
  isbn = {978-0-8186-0877-3},
  doi = {10.1109/SFCS.1988.21970},
  url = {https://doi.org/10.1109/SFCS.1988.21970},
  note = {Extract from 2002.05014.pdf [11]}
}

@inproceedings{Devine2006Parallel,
  author = {Devine, K.D. and Boman, E.G. and Heaphy, R.T. and Bisseling, R.H. and Catalyurek, U.V.},
  title = {{Parallel hypergraph partitioning for scientific computing}},
  booktitle = {{Proceedings 20th IEEE International Parallel \& Distributed Processing Symposium}},
  pages = {10 pp.},
  year = {2006},
  address = {Rhodes Island, Greece},
  publisher = {{IEEE}},
  isbn = {978-1-4244-0054-6},
  doi = {10.1109/IPDPS.2006.1639359},
  url = {https://doi.org/10.1109/IPDPS.2006.1639359},
  note = {Extract from 2002.05014.pdf [11]}
}

@article{Dorfler1980Category,
  author = {Dörfler, W. and Waller, D. A.},
  title = {{A category-theoretical approach to hypergraphs}},
  journal = {{Archiv der Mathematik}},
  volume = {34},
  number = {1},
  pages = {185--192},
  year = {1980},
  month = {December},
  issn = {0003-889X, 1420-8938},
  doi = {10.1007/BF01224952},
  url = {https://doi.org/10.1007/BF01224952},
  note = {Extract from 2002.05014.pdf [12]}
}

@incollection{Drewes1997Hyperedge,
  author = {Drewes, F. and Kreowski, H.-J. and Habel, A.},
  title = {{Hyperedge replacement graph grammars}},
  booktitle = {{Handbook of Graph Grammars and Computing by Graph Transformation}},
  pages = {95--162},
  publisher = {{WORLD SCIENTIFIC}},
  year = {1997},
  month = {February},
  isbn = {978-981-02-2884-2 978-981-238-472-0},
  doi = {10.1142/9789812384720_0002},
  url = {https://doi.org/10.1142/9789812384720_0002},
  note = {Extract from 2002.05014.pdf [12]}
}

@article{Jacomy2014ForceAtlas2,
  author = {Jacomy, Mathieu and Venturini, Tommaso and Heymann, Sebastien and Bastian, Mathieu},
  title = {{ForceAtlas2, a Continuous Graph Layout Algorithm for Handy Network Visualization Designed for the Gephi Software}},
  journal = {{PLoS ONE}},
  volume = {9},
  number = {6},
  pages = {e98679},
  year = {2014},
  month = {June},
  issn = {1932-6203},
  doi = {10.1371/journal.pone.0098679},
  url = {https://dx.plos.org/10.1371/journal.pone.0098679},
  note = {Extract from 2002.05014.pdf [13]}
}

@article{Jin2015Low,
  author = {Jin, Taisong and Yu, Jun and You, Jane and Zeng, Kun and Li, Cuihua and Yu, Zhengtao},
  title = {{Low-rank matrix factorization with multiple Hypergraph regularizer}},
  journal = {{Pattern Recognition}},
  volume = {48},
  number = {3},
  pages = {1011--1022},
  year = {2015},
  month = {March},
  issn = {00313203},
  doi = {10.1016/j.patcog.2014.09.002},
  url = {https://doi.org/10.1016/j.patcog.2014.09.002},
  note = {Extract from 2002.05014.pdf [13]}
}

@article{Johnson1987Hypergraph,
  author = {Johnson, D. S. and Pollak, H. O.},
  title = {{Hypergraph planarity and the complexity of drawing venn diagrams}},
  journal = {{Journal of Graph Theory}},
  volume = {11},
  number = {3},
  pages = {309--325},
  year = {1987},
  issn = {03649024, 10970118},
  doi = {10.1002/jgt.3190110306},
  url = {http://doi.wiley.com/10.1002/jgt.3190110306},
  note = {Extract from 2002.05014.pdf [14]}
}

@mastersthesis{Junghans2008Visualization,
  author = {Junghans, Martin},
  title = {{Visualization of hyperedges in fixed graph layouts}},
  school = {{Brandenburg University of Technology, Cottbus}},
  year = {2008},
  type = {{Master\rqs thesis}},
  note = {Extract from 2002.05014.pdf [14]}
}

@misc{Kajino2018Molecular,
  author = {Kajino, Hiroshi},
  title = {{Molecular hypergraph grammar with its application to molecular optimization}},
  howpublished = {arXiv preprint arXiv:1809.02745},
  year = {2018},
  note = {Extract from 2002.05014.pdf [14]}
}

@incollection{Kaufmann2009Subdivision,
  author = {Kaufmann, Michael and van Kreveld, Marc and Speckmann, Bettina},
  title = {{Subdivision Drawings of Hypergraphs}},
  booktitle = {{Graph Drawing}},
  pages = {396--407},
  volume = {5417},
  editor = {Hutchison, David and Kanade, Takeo and Kittler, Josef and Kleinberg, Jon M. and Mattern, Friedemann and Mitchell, John C. and Naor, Moni and Nierstrasz, Oscar and Rangan, C. Pandu and Steffen, Bernhard and Sudan, Madhu and Terzopoulos, Demetri and Tygar, Doug and Vardi, Moshe Y. and Weikum, Gerhard and Tollis, Ioannis G. and Patrignani, Maurizio},
  series = {{Springer Berlin Heidelberg}},
  address = {Berlin, Heidelberg},
  year = {2009},
  isbn = {978-3-642-00218-2 978-3-642-00219-9},
  doi = {10.1007/978-3-642-00219-9_39},
  url = {https://doi.org/10.1007/978-3-642-00219-9_39},
  publisher={Springer},
  note = {Extract from 2002.05014.pdf [15]}
}

@article{Lu2004Deterministic,
  author = {Lu, Chi-Jen},
  title = {{Deterministic hypergraph coloring and its applications}},
  journal = {{SIAM Journal on Discrete Mathematics}},
  volume = {18},
  number = {2},
  pages = {320--331},
  year = {2004},
  note = {Extract from 2002.05014.pdf [16]}
}

@article{Lu2012Recommender,
  author = {Lü, Linyuan and Medo, Matúš and Yeung, Chi Ho and Zhang, Yi-Cheng and Zhang, Zi-Ke and Zhou, Tao},
  title = {{Recommender systems}},
  journal = {{Physics reports}},
  volume = {519},
  number = {1},
  pages = {1--49},
  year = {2012},
  note = {Extract from 2002.05014.pdf [16]}
}

@inproceedings{Luerssen2007Graph,
  author = {Luerssen, Martin H and Powers, David MW},
  title = {{Graph design by graph grammar evolution}},
  booktitle = {{2007 IEEE Congress on Evolutionary Computation}},
  pages = {386--393},
  year = {2007},
  publisher = {{IEEE}},
  note = {Extract from 2002.05014.pdf [16]}
}

@article{Makinen1990How,
  author = {Mäkinen, Erkki},
  title = {{How to draw a hypergraph}},
  journal = {{International Journal of Computer Mathematics}},
  volume = {34},
  number = {3-4},
  pages = {177--185},
  year = {1990},
  doi = {10.1080/00207169008803875},
  url = {https://doi.org/10.1080/00207169008803875},
  note = {Extract from 2002.05014.pdf [16]}
}

@misc{Nikolaev2016Modeling,
  author = {Nikolaev, Alexey},
  title = {{Modeling and analysis of higher-order interactions in collaborative networks}},
  year = {2016},
  note = {Extract from 2002.05014.pdf [5]}
}

@incollection{Papa2007Hypergraph,
  author = {Papa, David and Markov, Igor},
  title = {{Hypergraph Partitioning and Clustering}},
  booktitle = {{Handbook of Approximation Algorithms and Metaheuristics}},
  pages = {61--1--61--19},
  volume = {20073547},
  editor = {Gonzalez, Teofilo},
  publisher = {{Chapman and Hall/CRC}},
  year = {2007},
  month = {May},
  isbn = {978-1-58488-550-4 978-1-4200-1074-9},
  doi = {10.1201/9781420010749.ch61},
  url = {https://doi.org/10.1201/9781420010749.ch61},
  note = {Extract from 2002.05014.pdf [5]}
}

@inproceedings{Paquette2011Hypergraph,
  author = {Paquette, Jesse and Tokuyasu, Taku},
  title = {{Hypergraph visualization and enrichment statistics: how the EGAN paradigm facilitates organic discovery from big data}},
  booktitle={Human Vision and Electronic Imaging XVI},
  pages = {78650E},
  year = {2011},
  address = {San Francisco Airport, California, USA},
  month = {February},
  doi = {10.1117/12.890220},
  url = {https://doi.org/10.1117/12.890220},
  note = {Extract from 2002.05014.pdf [17]}
}

@article{Ramasco2004Self,
  author = {Ramasco, José J. and Dorogovtsev, S. N. and Pastor-Satorras, Romualdo},
  title = {{Self-organization of collaboration networks}},
  journal = {{Physical Review E}},
  volume = {70},
  number = {3},
  pages = {036106},
  year = {2004},
  month = {September},
  issn = {1539-3755, 1550-2376},
  doi = {10.1103/PhysRevE.70.036106},
  url = {https://doi.org/10.1103/PhysRevE.70.036106},
  note = {Extract from 2002.05014.pdf [17]}
}

@incollection{Stell2012Relations,
  author = {Stell, John G.},
  title = {{Relations on Hypergraphs}},
  booktitle = {{Relational and Algebraic Methods in Computer Science}},
  pages = {326--341},
  volume = {7560},
  series = {{Springer Berlin Heidelberg}},
  address = {Berlin, Heidelberg},
  year = {2012},
  isbn = {978-3-642-33313-2 978-3-642-33314-9},
  doi = {10.1007/978-3-642-33314-9_22},
  url = {https://doi.org/10.1007/978-3-642-33314-9_22},
  publisher={Springer},
  note = {Extract from 2002.05014.pdf [18]}
}

@article{Taramasco2010Academic,
  author = {Taramasco, Carla and Cointet, Jean-Philippe and Roth, Camille},
  title = {{Academic team formation as evolving hypergraphs}},
  journal = {{Scientometrics}},
  volume = {85},
  number = {3},
  pages = {721--740},
  year = {2010},
  month = {December},
  issn = {0138-9130, 1588-2861},
  doi = {10.1007/s11192-010-0226-4},
  url = {https://doi.org/10.1007/s11192-010-0226-4},
  note = {Extract from 2002.05014.pdf [18]}
}

@article{Wu2018Nonnegative,
  author = {Wu, Wenhui and Kwong, Sam and Zhou, Yu and Jia, Yuheng and Gao, Wei},
  title = {{Nonnegative matrix factorization with mixed hyper-graph regularization for community detection}},
  journal = {{Information Sciences}},
  volume = {435},
  pages = {263--281},
  year = {2018},
  month = {April},
  issn = {00200255},
  doi = {10.1016/j.ins.2018.01.008},
  url = {https://doi.org/10.1016/j.ins.2018.01.008},
  note = {Extract from 2002.05014.pdf [19]}
}

@inproceedings{Xu2016Multi,
  author = {Xu, Zihang and Du, Junping and Ye, Lingfei and Fan, Dan},
  title = {{Multi-feature indexing for image retrieval based on hypergraph}},
  booktitle = {{2016 4th International Conference on Cloud Computing and Intelligence Systems (CCIS)}},
  pages = {494--500},
  year = {2016},
  address = {Beijing, China},
  month = {August},
  isbn = {978-1-5090-1256-5},
  doi = {10.1109/CCIS.2016.7790309},
  url = {https://doi.org/10.1109/CCIS.2016.7790309},
  note = {Extract from 2002.05014.pdf [19]}
}

@article{Yang2017Hypergraph,
  author = {Yang, Wenyin and Wang, Guojun and Bhuiyan, Md Zakirul Alam and Choo, Kim-Kwang Raymond},
  title = {{Hypergraph partitioning for social networks based on information entropy modularity}},
  journal = {{Journal of Network and Computer Applications}},
  volume = {86},
  pages = {59--71},
  year = {2017},
  month = {May},
  issn = {10848045},
  doi = {10.1016/j.jnca.2016.10.002},
  url = {https://doi.org/10.1016/j.jnca.2016.10.002},
  note = {Extract from 2002.05014.pdf [20]}
}

@article{Yasen2018Name,
  author = {Yasen, Alimujiang and Ueda, Kazunori},
  title = {{Name Binding is Easy with Hypergraphs}},
  journal = {{IEICE Transactions on Information and Systems}},
  volume = {E101.D},
  number = {4},
  pages = {1126--1140},
  year = {2018},
  issn = {0916-8532, 1745-1361},
  doi = {10.1587/transinf.2017EDP7257},
  url = {https://doi.org/10.1587/transinf.2017edp7257},
  note = {Extract from 2002.05014.pdf [20]}
}

@article{Zheng2018Novel,
  author = {Zheng, Xiaoyao and Luo, Yonglong and Sun, Liping and Ding, Xintao and Zhang, Ji},
  title = {{A novel social network hybrid recommender system based on hypergraph topologic structure}},
  journal = {{World Wide Web}},
  volume = {21},
  number = {4},
  pages = {985--1013},
  year = {2018},
  month = {July},
  issn = {1386-145X, 1573-1413},
  doi = {10.1007/s11280-017-0494-5},
  url = {https://doi.org/10.1007/s11280-017-0494-5},
  note = {Extract from 2002.05014.pdf [21]}
}

@inproceedings{Zhou2007Learning,
  author = {Zhou, Denny and Huang, Jiayuan and Schölkopf, Bernhard},
  title = {{Learning with hypergraphs: Clustering, classification, and embedding}},
  booktitle = {{Advances in neural information processing systems}},
  pages = {1601--1608},
  year = {2007},
  note = {Extract from 2002.05014.pdf [21]}
}

@article{Zhu2015ContentBased,
  author = {Zhu, Lei and Shen, Jialie and Jin, Hai and Zheng, Ran and Xie, Liang},
  title = {{Content-Based Visual Landmark Search via Multimodal Hypergraph Learning}},
  journal = {{IEEE Transactions on Cybernetics}},
  volume = {45},
  number = {12},
  pages = {2756--2769},
  year = {2015},
  month = {December},
  issn = {2168-2267, 2168-2275},
  doi = {10.1109/TCYB.2014.2383389},
  url = {https://doi.org/10.1109/TCYB.2014.2383389},
  note = {Extract from 2002.05014.pdf [22]}
}

@article{Zhu2016Heterogeneous,
  author = {Zhu, Yu and Guan, Ziyu and Tan, Shulong and Liu, Haifeng and Cai, Deng and He, Xiaofei},
  title = {{Heterogeneous hypergraph embedding for document recommendation}},
  journal = {{Neurocomputing}},
  volume = {216},
  pages = {150--162},
  year = {2016},
  month = {December},
  issn = {09252312},
  doi = {10.1016/j.neucom.2016.07.030},
  url = {https://linkinghub.elsevier.com/retrieve/pii/S0925231216307755},
  note = {Extract from 2002.05014.pdf [22]}
}

@article{Zykov1974Hypergraphs,
  author = {Zykov, A A},
  title = {{Hypergraphs}},
  journal = {{Russian Mathematical Surveys}},
  volume = {29},
  number = {6},
  pages = {89--156},
  year = {1974},
  month = {December},
  issn = {0036-0279, 1468-4829},
  doi = {10.1070/RM1974v029n06ABEH001303},
  url = {https://doi.org/10.1070/RM1974v029n06ABEH001303},
  note = {Extract from 2002.05014.pdf [23]}
}

@article{Bauer1999Empirical,
  author = {Bauer, E. and Kohavi, R.},
  title = {{An empirical comparison of voting classification algorithms: Bagging, boosting and variants}},
  journal = {{Machine Learning}},
  volume = {36},
  pages = {105--142},
  year = {1999},
  note = {Extract from A Few Useful Things to Know about Machine Learning.pdf [24]}
}

@article{Bengio2009Learning,
  author = {Bengio, Y.},
  title = {{Learning deep architectures for AI}},
  journal = {{Foundations and Trends in Machine Learning}},
  volume = {2},
  pages = {1--127},
  year = {2009},
  note = {Extract from A Few Useful Things to Know about Machine Learning.pdf [24]}
}

@article{Benjamini1995Controlling,
  author = {Benjamini, Y. and Hochberg, Y.},
  title = {{Controlling the false discovery rate: A practical and powerful approach to multiple testing}},
  journal = {{Journal of the Royal Statistical Society, Series B}},
  volume = {57},
  pages = {289--300},
  year = {1995},
  note = {Extract from A Few Useful Things to Know about Machine Learning.pdf [24]}
}

@book{Bernardo1994Bayesian,
  author = {Bernardo, J. M. and Smith, A. F. M.},
  title = {{Bayesian Theory}},
  publisher = {{Wiley}},
  address = {New York, NY},
  year = {1994},
  note = {Extract from A Few Useful Things to Know about Machine Learning.pdf [24]}
}

@inproceedings{Domingos2000Unified,
  author = {Domingos, P.},
  title = {{A unified bias-variance decomposition and its applications}},
  booktitle = {{Proceedings of the Seventeenth International Conference on Machine Learning}},
  pages = {231--238},
  year = {2000},
  address = {Stanford, CA},
  publisher = {{Morgan Kaufmann}},
  note = {Extract from A Few Useful Things to Know about Machine Learning.pdf [25]}
}

@book{Domingos2015Master,
  author = {Domingos, P.},
  title = {{The Master Algorithm: How the Quest for the Ultimate Learning Machine Will Remake Our World}},
  publisher = {{Basic Books}},
  address = {New York, NY},
  year = {2015},
  note = {Extract from A Few Useful Things to Know about Machine Learning.pdf [25]}
}

@article{Domingos1997Optimality,
  author = {Domingos, P. and Pazzani, M.},
  title = {{On the optimality of the simple Bayesian classifier under zero-one loss}},
  journal = {{Machine Learning}},
  volume = {29},
  pages = {103--130},
  year = {1997},
  note = {Extract from A Few Useful Things to Know about Machine Learning.pdf [25]}
}

@inproceedings{Hulten2002Mining,
  author = {Hulten, G. and Domingos, P.},
  title = {{Mining complex models from arbitrarily large databases in constant time}},
  booktitle = {{Proceedings of the Eighth ACM SIGKDD International Conference on Knowledge Discovery and Data Mining}},
  pages = {525--531},
  year = {2002},
  address = {Edmonton, Canada},
  publisher = {{ACM Press}},
  note = {Extract from A Few Useful Things to Know about Machine Learning.pdf [26]}
}

@inproceedings{Kibler1988Machine,
  author = {Kibler, D. and Langley, P.},
  title = {{Machine learning as an experimental science}},
  booktitle = {{Proceedings of the Third European Working Session on Learning}},
  year = {1988},
  address = {London, UK},
  publisher = {{Pitman}},
  note = {Extract from A Few Useful Things to Know about Machine Learning.pdf [26]}
}

@book{Klockars1986Multiple,
  author = {Klockars, A. J. and Sax, G.},
  title = {{Multiple Comparisons}},
  publisher = {{Sage}},
  address = {Beverly Hills, CA},
  year = {1986},
  note = {Extract from A Few Useful Things to Know about Machine Learning.pdf [26]}
}

@article{Kohavi2009Controlled,
  author = {Kohavi, R. and Longbotham, R. and Sommerfield, D. and Henne, R.},
  title = {{Controlled experiments on the Web: Survey and practical guide}},
  journal = {{Data Mining and Knowledge Discovery}},
  volume = {18},
  pages = {140--181},
  year = {2009},
  note = {Extract from A Few Useful Things to Know about Machine Learning.pdf [26]}
}

@book{Cesa-Bianchi2006Prediction,
  author = {Cesa-Bianchi, Nicolo and Lugosi, Gábor},
  title = {{Prediction, learning, and games}},
  publisher = {{Cambridge university press}},
  year = {2006},
  note = {Extract from Bandit Sampling for Multiplex Networks.pdf [27]}
}

@article{Cesa-Bianchi2007Improved,
  author = {Cesa-Bianchi, Nicolo and Mansour, Yishay and Stoltz, Gilles},
  title = {{Improved second-order bounds for prediction with expert advice}},
  journal = {{Machine Learning}},
  volume = {66},
  number = {2},
  pages = {321--352},
  year = {2007},
  note = {Extract from Bandit Sampling for Multiplex Networks.pdf [27]}
}

@inproceedings{Duvenaud2015Convolutional,
  author = {Duvenaud, David K and Maclaurin, Dougal and Iparraguirre, Jorge and Bombarell, Rafael and Hirzel, Timothy and Aspuru-Guzik, Alán and Adams, Ryan P},
  title = {{Convolutional networks on graphs for learning molecular fingerprints}},
  booktitle = {{Advances in neural information processing systems}},
  pages = {2224--2232},
  year = {2015},
  note = {Extract from Bandit Sampling for Multiplex Networks.pdf [27]}
}

@misc{Orabona2019Modern,
  author = {Orabona, Francesco},
  title = {{A modern introduction to online learning}},
  howpublished = {arXiv preprint arXiv:1912.13213},
  year = {2019},
  note = {Extract from Bandit Sampling for Multiplex Networks.pdf [28]}
}

@inproceedings{Perozzi2014Deepwalk,
  author = {Perozzi, Bryan and Al-Rfou, Rami and Skiena, Steven},
  title = {{Deepwalk: Online learning of social representations}},
  booktitle = {{Proceedings of the 20th ACM SIGKDD international conference on Knowledge discovery and data mining}},
  pages = {701--710},
  year = {2014},
  note = {Extract from Bandit Sampling for Multiplex Networks.pdf [28]}
}

@inproceedings{Potluru2020Deeplex,
  author = {Potluru, Vamsi K and Tillman, Robert E and Reddy, Prashant and Veloso, Manuela},
  title = {{Deeplex: A gnn for link prediction in multiplex networks}},
  booktitle = {{SIAM Workshop on Network Science}},
  year = {2020},
  note = {Extract from Bandit Sampling for Multiplex Networks.pdf [28]}
}

@inproceedings{Sani2014Exploiting,
  author = {Sani, Amir and Neu, Gergely and Lazaric, Alessandro},
  title = {{Exploiting easy data in online optimization}},
  booktitle = {{Advances in Neural Information Processing Systems}},
  volume = {27},
  pages = {810--818},
  year = {2014},
  note = {Extract from Bandit Sampling for Multiplex Networks.pdf [29]}
}

@inproceedings{Tang2015Line,
  author = {Tang, Jian and Qu, Meng and Wang, Mingzhe and Zhang, Ming and Yan, Jun and Mei, Qiaozhu},
  title = {{Line: Large-scale information network embedding}},
  booktitle = {{Proceedings of the 24th international conference on world wide web}},
  pages = {1067--1077},
  year = {2015},
  note = {Extract from Bandit Sampling for Multiplex Networks.pdf [29]}
}

@inproceedings{Uchiya2010Algorithms,
  author = {Uchiya, Taishi and Nakamura, Atsuyoshi and Kudo, Mineichi},
  title = {{Algorithms for adversarial bandit problems with multiple plays}},
  booktitle = {{International Conference on Algorithmic Learning Theory}},
  pages = {375--389},
  year = {2010},
  publisher = {{Springer}},
  note = {Extract from Bandit Sampling for Multiplex Networks.pdf [29]}
}

@misc{Zhang2021Biased,
  author = {Zhang, Qingru and Wipf, David and Gan, Quan and Song, Le},
  title = {{A biased graph neural network sampler with near-optimal regret}},
  howpublished = {arXiv preprint arXiv:2103.01089},
  year = {2021},
  note = {Extract from Bandit Sampling for Multiplex Networks.pdf [30]}
}

@article{Airoldi2008Mixed,
  author = {Airoldi, E. and Blei, D. and Fienberg, S. and Xing, E.},
  title = {{Mixed membership stochastic blockmodels}},
  journal = {{Journal of Machine Learning Research}},
  volume = {9},
  pages = {1981--2014},
  year = {2008},
  note = {Extract from Build, Compute, Critique, Repeat.pdf [31]}
}

@article{Antoniak1974Mixtures,
  author = {Antoniak, C.},
  title = {{Mixtures of Dirichlet processes with applications to Bayesian nonparametric problems}},
  journal = {{The Annals of Statistics}},
  volume = {2},
  number = {6},
  pages = {1152--1174},
  year = {1974},
  note = {Extract from Build, Compute, Critique, Repeat.pdf [31]}
}

@inproceedings{Asuncion2009Smoothing,
  author = {Asuncion, A. and Welling, M. and Smyth, P. and Teh, Y.},
  title = {{On smoothing and inference for topic models}},
  booktitle = {{Uncertainty in Artificial Intelligence}},
  year = {2009},
  publisher = {{Morgan Kaufmann}},
  note = {Extract from Build, Compute, Critique, Repeat.pdf [31]}
}

@inproceedings{Attias1999Inferring,
  author = {Attias, H.},
  title = {{Inferring parameters and structure of latent variable models by variational bayes}},
  booktitle = {{Uncertainty in Artificial Intelligence}},
  pages = {21--30},
  year = {1999},
  publisher = {{Morgan Kaufmann Publishers Inc.}},
  note = {Extract from Build, Compute, Critique, Repeat.pdf [31]}
}

@article{Blei2012Probabilistic,
  author = {Blei, D.},
  title = {{Probabilistic topic models}},
  journal = {{Communications of the ACM}},
  volume = {55},
  number = {4},
  pages = {77--84},
  year = {2012},
  note = {Extract from Build, Compute, Critique, Repeat.pdf [32]}
}

@article{Blei2014Build,
  author = {Blei, D.},
  title = {{Build, compute, critique, repeat: Data analysis with latent variable models}},
  journal = {{Annual Review of Statistics and Its Application}},
  volume = {1},
  pages = {203--232},
  year = {2014},
  note = {Extract from Build, Compute, Critique, Repeat.pdf [32]}
}

@inproceedings{Blei2006Dynamic,
  author = {Blei, D. and Lafferty, J.},
  title = {{Dynamic topic models}},
  booktitle = {{International Conference on Machine Learning}},
  pages = {113--120},
  year = {2006},
  address = {New York, NY, USA},
  publisher = {{ACM}},
  note = {Extract from Build, Compute, Critique, Repeat.pdf [32]}
}

@article{Blei2007Correlated,
  author = {Blei, D. and Lafferty, J.},
  title = {{A correlated topic model of Science}},
  journal = {{Annals of Applied Statistics}},
  volume = {1},
  number = {1},
  pages = {17--35},
  year = {2007},
  note = {Extract from Build, Compute, Critique, Repeat.pdf [32]}
}

@article{Blei2003Latent,
  author = {Blei, D. and Ng, A. and Jordan, M.},
  title = {{Latent Dirichlet allocation}},
  journal = {{Journal of Machine Learning Research}},
  volume = {3},
  pages = {993--1022},
  year = {2003},
  note = {Extract from Build, Compute, Critique, Repeat.pdf [32]}
}

@book{McCullagh1989Generalized,
  author = {McCullagh, P. and Nelder, J. A.},
  title = {{Generalized Linear Models}},
  publisher = {{Chapman and Hall}},
  address = {London},
  year = {1989},
  note = {Extract from Build, Compute, Critique, Repeat.pdf [33]}
}

@article{Meng1994Posterior,
  author = {Meng, X.},
  title = {{Posterior predictive p-values}},
  journal = {{The Annals of Statistics}},
  pages = {1142--1160},
  year = {1994},
  note = {Extract from Build, Compute, Critique, Repeat.pdf [33]}
}

@article{Metropolis1953Equations,
  author = {Metropolis, N. and Rosenbluth, A. and Rosenbluth, M. and Teller, M. and Teller, E.},
  title = {{Equations of state calculations by fast computing machines}},
  journal = {{Journal of Chemical Physics}},
  volume = {21},
  pages = {1087--1092},
  year = {1953},
  note = {Extract from Build, Compute, Critique, Repeat.pdf [33]}
}

@inproceedings{Mimno2011Bayesian,
  author = {Mimno, D. and Blei, D.},
  title = {{Bayesian checking for topic models}},
  booktitle = {{Empirical Methods in Natural Language Processing}},
  year = {2011},
  note = {Extract from Build, Compute, Critique, Repeat.pdf [33]}
}

@misc{Minka2010Infer,
  author = {Minka, T. and Winn, J. and Guiver, J. and Knowles, D.},
  title = {{Infer.NET 2.4}},
  year = {2010},
  url = {http://research.microsoft.com/infernet},
  note = {Extract from Build, Compute, Critique, Repeat.pdf [33]}
}

@inproceedings{Mohamed2008Bayesian,
  author = {Mohamed, S. and Ghahramani, Z. and Heller, K.},
  title = {{Bayesian exponential family PCA}},
  booktitle = {{Neural Information Processing Systems}},
  pages = {1089--1096},
  year = {2008},
  note = {Extract from Build, Compute, Critique, Repeat.pdf [34]}
}

@article{Morris1983Parametric,
  author = {Morris, C.},
  title = {{Parametric empirical Bayes inference: Theory and applications}},
  journal = {{Journal of the American Statistical Association}},
  volume = {78},
  number = {381},
  pages = {47--65},
  year = {1983},
  note = {With discussion. Extract from Build, Compute, Critique, Repeat.pdf [34]}
}

@book{Murphy2013Machine,
  author = {Murphy, K.},
  title = {{Machine Learning: A Probabilistic Approach}},
  publisher = {{MIT Press}},
  year = {2013},
  note = {Extract from Build, Compute, Critique, Repeat.pdf [34]}
}

@incollection{Neal1999View,
  author = {Neal, R. and Hinton, G.},
  title = {{A view of the EM algorithm that justifies incremental, sparse, and other variants}},
  booktitle = {{Learning in Graphical Models}},
  pages = {355--368},
  year = {1999},
  publisher = {{MIT Press}},
  note = {Extract from Build, Compute, Critique, Repeat.pdf [34]}
}

@book{Robert2004Monte,
  author = {Robert, C. and Casella, G.},
  title = {{Monte Carlo Statistical Methods}},
  series = {{Springer Texts in Statistics}},
  publisher = {{Springer-Verlag}},
  address = {New York, NY},
  year = {2004},
  note = {Extract from Build, Compute, Critique, Repeat.pdf [35]}
}

@inproceedings{Roweis1998EM,
  author = {Roweis, S.},
  title = {{EM algorithms for PCA and SPCA}},
  booktitle = {{Neural Information Processing Systems}},
  pages = {626--632},
  year = {1998},
  note = {Extract from Build, Compute, Critique, Repeat.pdf [35]}
}

@article{rubin1974estimating,
  title={Estimating causal effects of treatments in randomized and nonrandomized studies.},
  author={Rubin, Donald B},
  journal={Journal of educational Psychology},
  volume={66},
  number={5},
  pages={688},
  year={1974},
  publisher={American Psychological Association}
}

@article{rosenbaum1983central,
  title={The central role of the propensity score in observational studies for causal effects},
  author={Rosenbaum, Paul R and Rubin, Donald B},
  journal={Biometrika},
  volume={70},
  number={1},
  pages={41--55},
  year={1983},
  publisher={Oxford University Press}
}

@article{holland1986statistics,
  title={Statistics and causal inference},
  author={Holland, Paul W},
  journal={Journal of the American statistical Association},
  volume={81},
  number={396},
  pages={945--960},
  year={1986},
  publisher={Taylor \& Francis}
}

@article{splawa1990application,
  title={On the application of probability theory to agricultural experiments. Essay on principles. Section 9},
  author={Splawa-Neyman, Jerzy and Dabrowska, Dorota M and Speed, Terrence P},
  journal={Statistical Science},
  pages={465--472},
  year={1990},
  publisher={JSTOR}
}

@article{Rubin1984Bayesianly,
  author = {Rubin, D.},
  title = {{Bayesianly justifiable and relevant frequency calculations for the applied statistician}},
  journal = {{The Annals of Statistics}},
  volume = {12},
  number = {4},
  pages = {1151--1172},
  year = {1984},
  note = {Extract from Build, Compute, Critique, Repeat.pdf [35]}
}

@article{Rue2009Approximate,
  author = {Rue, H. and Martino, S. and Chopin, N.},
  title = {{Approximate Bayesian inference for latent Gaus-sian models by using integrated nested Laplace approximations}},
  journal = {{Journal of the Royal Statistical Society, Series B (Methodological)}},
  volume = {71},
  number = {2},
  pages = {319--392},
  year = {2009},
  note = {Extract from Build, Compute, Critique, Repeat.pdf [35]}
}

@inproceedings{Bareinboim2020On,
  author = {Bareinboim, Elias and Correa, Juan D and Ibeling, Duligur and Icard, Thomas},
  title = {{On pearl’s hierarchy and the foundations of causal inference}},
  booktitle = {{Probabilistic and Causal Inference: The Works of Judea Pearl}},
  pages = {507--556},
  year = {2022},
  note = {Extract from Causal Deep Learning.pdf [36]}
}

@misc{Liu2020When,
  author = {Liu, Ruoqi and Wei, Lai and Zhang, Ping},
  title = {{When deep learning meets causal inference: a computational framework for drug repurposing from real-world data}},
  howpublished = {arXiv preprint arXiv:2007.10152},
  year = {2020},
  note = {Extract from Causal Deep Learning.pdf [37]}
}

@inproceedings{Wang2020Causal,
  author = {Wang, Yixin and Liang, Dawen and Charlin, Laurent and Blei, David M},
  title = {{Causal inference for recommender systems}},
  booktitle = {{Proceedings of the 14th ACM Conference on Recommender Systems}},
  pages = {426--431},
  year = {2020},
  note = {Extract from Causal Deep Learning.pdf [37]}
}

@inproceedings{Basilico2017DejaVu,
  author = {Basilico, Justin and Raimond, Yves},
  title = {{Déja vu: The importance of time and causality in recommender systems}},
  booktitle = {{Proceedings of the eleventh ACM conference on recommender systems}},
  pages = {342--342},
  year = {2017},
  note = {Extract from Causal Deep Learning.pdf [37]}
}

@inproceedings{Ghazimatin2020Prince,
  author = {Ghazimatin, Azin and Balalau, Oana and Roy, Rishiraj Saha and Weikum, Gerhard},
  title = {{Prince: Provider-side interpretability with counterfactual explanations in recommender systems}},
  booktitle = {{Proceedings of the 13th International Conference on Web Search and Data Mining}},
  pages = {196--204},
  year = {2020},
  note = {Extract from Causal Deep Learning.pdf [38]}
}

@article{Scholkopf2021Toward,
  author = {Schölkopf, Bernhard and Locatello, Francesco and Bauer, Stefan and Ke, Nan Rosemary and Kalchbrenner, Nal and Goyal, Anirudh and Bengio, Yoshua},
  title = {{Toward causal representation learning}},
  journal = {{Proceedings of the IEEE}},
  volume = {109},
  number = {5},
  pages = {612--634},
  year = {2021},
  note = {Extract from Causal Deep Learning.pdf [38]}
}

@misc{Kaddour2022Causal,
  author = {Kaddour, Jean and Lynch, Aengus and Liu, Qi and Kusner, Matt J and Silva, Ricardo},
  title = {{Causal machine learning: A survey and open problems}},
  howpublished = {arXiv preprint arXiv:2206.15475},
  year = {2022},
  note = {Extract from Causal Deep Learning.pdf [38]}
}

@inproceedings{Melnychuk2022Causal,
  author = {Melnychuk, Valentyn and Frauen, Dennis and Feuerriegel, Stefan},
  title = {{Causal transformer for estimating coun-terfactual outcomes}},
  booktitle = {{International Conference on Machine Learning}},
  pages = {15293--15329},
  volume = {15293},
  series = {{PMLR}},
  year = {2022},
  note = {Extract from Causal Deep Learning.pdf [39]}
}

@incollection{Peters2022Causal,
  title={Causal models for dynamical systems},
  author={Peters, Jonas and Bauer, Stefan and Pfister, Niklas},
  booktitle={Probabilistic and Causal Inference: The Works of Judea Pearl},
  pages={671--690},
  year={2022},
  publisher={ACM Digital Library},
  note = {Extract from Causal Deep Learning.pdf [39]}
}

@article{Carter2015Smoking,
  author = {Carter, Brian D. and Abnet, Christian C. and Feskanich, Diane and Freedman, Neal D. and Hartge, Patricia and Lewis, Cora E. and Ockene, Judith K. and Prentice, Ross L. and Speizer, Frank E. and Thun, Michael J. and others},
  title = {{Smoking and mortality — beyond established causes}},
  journal = {{New England Journal of Medicine}},
  volume = {372},
  number = {7},
  pages = {631--640},
  year = {2015},
  doi = {10.1056/NEJMsa1407211},
  url = {https://doi.org/10.1056/NEJMsa1407211},
  pmid = {25671255},
  note = {Extract from Causal Deep Learning.pdf [39]}
}

@inproceedings{Sun2006Causal,
  author = {Sun, Xiaohai and Janzing, Dominik and Schölkopf, Bernhard},
  title = {{Causal inference by choosing graphs with most plausible markov kernels}},
  booktitle = {{Ninth International Symposium on Artificial Intelligence and Mathematics (AIMath 2006)}},
  pages = {1--11},
  year = {2006},
  note = {Extract from Causal Deep Learning.pdf [40]}
}

@inproceedings{Verma1990Equivalence,
  author = {Verma, Thomas S. and Pearl, Judea},
  title = {{Equivalence and synthesis of causal models}},
  booktitle = {{Proceedings of the Sixth Conference on Uncertainty in Artificial Intelligence}},
  year = {1990},
  note = {Extract from Causal Deep Learning.pdf [40]}
}

@inproceedings{Berrevoets2021ModelAgnostic,
  author = {Berrevoets, Jeroen and Verboven, Sam and Verbeke, Wouter},
  title = {{Model-agnostic counterfactual reasoning for outcomes in dynamic environments}},
  booktitle = {{Proceedings of the 38th International Conference on Machine Learning}},
  pages = {792--802},
  volume = {139},
  series = {{Proceedings of Machine Learning Research}},
  year = {2021},
  month = {Jul},
  url = {https://proceedings.mlr.press/v139/berrevoets21a.html},
  note = {Extract from Causal Deep Learning.pdf [41]}
}

@article{Kunft2019Intermediate,
  author = {Kunft, Andreas and Katsifodimos, Asterios and Schelter, Sebastian and Breß, Sebastian and Rabl, Tilmann and Markl, Volker},
  title = {{An intermediate representation for optimizing machine learning pipelines}},
  journal = {{Proceedings of the VLDB Endowment}},
  volume = {12},
  number = {11},
  pages = {1553--1567},
  year = {2019},
  note = {Extract from Causal Deep Learning.pdf [41]}
}

@article{Mohan2021Graphical,
  author = {Mohan, Karthika and Pearl, Judea},
  title = {{Graphical models for processing missing data}},
  journal = {{Journal of the American Statistical Association}},
  volume = {116},
  number = {534},
  pages = {1023--1037},
  year = {2021},
  note = {Extract from Causal Deep Learning.pdf [41]}
}

@inproceedings{Zheng2018Dags,
  author = {Zheng, Xun and Aragam, Bryon and Ravikumar, Pradeep K and Xing, Eric P},
  title = {{Dags with no tears: Continuous optimization for structure learning}},
  booktitle = {{Advances in Neural Information Processing Systems}},
  volume = {31},
  year = {2018},
  note = {Extract from Causal Deep Learning.pdf [42]}
}

@inproceedings{Zheng2020Learning,
  author = {Zheng, Xun and Dan, Chen and Aragam, Bryon and Ravikumar, Pradeep and Xing, Eric},
  title = {{Learning sparse nonparametric dags}},
  booktitle = {{International Conference on Artificial Intelligence and Statistics}},
  pages = {3414--3425},
  year = {2020},
  series = {{PMLR}},
  note = {Extract from Causal Deep Learning.pdf [42]}
}

@inproceedings{Lattimore2016Causal,
  author = {Lattimore, Finnian and Lattimore, Tor and Reid, Mark D},
  title = {{Causal bandits: Learning good interventions via causal inference}},
  booktitle = {{Advances in Neural Information Processing Systems}},
  volume = {29},
  editor = {Lee, D. and Sugiyama, M. and Luxburg, U. and Guyon, I. and Cesa-Bianchi, N. and Garnett, R.},
  year = {2016},
  publisher = {{Curran Associates, Inc.}},
  url = {https://proceedings.neurips.cc/paper/2016/file/b4288d9c0ec0a1841b3b3728321e7088-Paper.pdf},
  note = {Extract from Causal Deep Learning.pdf [42]}
}

@article{Glymour2019Review,
  author = {Glymour, Clark and Zhang, Kun and Spirtes, Peter},
  title = {{Review of causal discovery methods based on graphical models}},
  journal = {{Frontiers in genetics}},
  volume = {10},
  pages = {524},
  year = {2019},
  note = {Extract from Causal Deep Learning.pdf [43]}
}

@incollection{Geiger1990Logic,
  author = {Geiger, Dan and Pearl, Judea},
  title = {{On the logic of causal models}},
  booktitle = {{Machine Intelligence and Pattern Recognition}},
  pages = {3--14},
  volume = {9},
  publisher = {{Elsevier}},
  year = {1990},
  note = {Extract from Causal Deep Learning.pdf [43]}
}

@misc{Meek2013Strong,
  author = {Meek, Christopher},
  title = {{Strong completeness and faithfulness in bayesian networks}},
  howpublished = {arXiv preprint arXiv:1302.4973},
  year = {2013},
  note = {Extract from Causal Deep Learning.pdf [43]}
}

@article{Eberhardt2017Introduction,
  author = {Eberhardt, Frederick},
  title = {{Introduction to the foundations of causal discovery}},
  journal = {{International Journal of Data Science and Analytics}},
  volume = {3},
  number = {2},
  pages = {81--91},
  year = {2017},
  note = {Extract from Causal Deep Learning.pdf [43]}
}

@inproceedings{Teshima2021Incorporating,
  author = {Teshima, Takeshi and Sugiyama, Masashi},
  title = {{Incorporating causal graphical prior knowledge into predictive modeling via simple data augmentation}},
  booktitle = {{Proceedings of the Thirty-Seventh Conference on Uncertainty in Artificial Intelligence}},
  pages = {86--96},
  volume = {161},
  series = {{Proceedings of Machine Learning Research}},
  editor = {de Campos, Cassio and Maathuis, Marloes H.},
  year = {2021},
  month = {Jul},
  url = {https://proceedings.mlr.press/v161/teshima21a.html},
  note = {Extract from Causal Deep Learning.pdf [44]}
}

@inproceedings{Kancheti2022Matching,
  author = {Kancheti, Sai Srinivas and Reddy, Abbavaram Gowtham and Balasubramanian, Vineeth N and Sharma, Amit},
  title = {{Matching learned causal effects of neural networks with domain priors}},
  booktitle = {{Proceedings of the 39th International Conference on Machine Learning}},
  pages = {10676--10696},
  volume = {162},
  series = {{Proceedings of Machine Learning Research}},
  editor = {Chaudhuri, Kamalika and Jegelka, Stefanie and Song, Le and Szepesvari, Csaba and Niu, Gang and Sabato, Sivan},
  year = {2022},
  month = {Jul},
  url = {https://proceedings.mlr.press/v162/kancheti22a.html},
  note = {Extract from Causal Deep Learning.pdf [44]}
}

@inproceedings{Chen2020Iterative,
  author = {Chen, Yu and Wu, Lingfei and Zaki, Mohammed},
  title = {{Iterative deep graph learning for graph neural net-works: Better and robust node embeddings}},
  booktitle = {{Advances in Neural Information Processing Systems}},
  volume = {33},
  pages = {19314--19326},
  year = {2020},
  editor = {Larochelle, H. and Ranzato, M. and Hadsell, R. and Balcan, M.F. and Lin, H.},
  publisher = {{Curran Associates, Inc.}},
  url = {https://proceedings.neurips.cc/paper/2020/file/e05c7ba4e087beea9410929698dc41a6-Paper.pdf},
  note = {Extract from Causal Deep Learning.pdf [45]}
}

@book{Duda1973Pattern,
  author = {Duda, Richard O and Hart, Peter E and others},
  title = {{Pattern classification and scene analysis}},
  volume = {3},
  publisher = {{Wiley New York}},
  year = {1973},
  note = {Extract from Causal Deep Learning.pdf [45]}
}

@inproceedings{Langley1992Analysis,
  author = {Langley, Pat and Iba, Wayne and Thompson, Kevin and others},
  title = {{An analysis of bayesian classifiers}},
  booktitle = {{Aaai}},
  volume = {90},
  pages = {223--228},
  year = {1992},
  note = {Extract from Causal Deep Learning.pdf [46]}
}

@article{Eichler2017Graphical,
  author = {Eichler, Michael and Dahlhaus, Rainer and Dueck, Johannes},
  title = {{Graphical modeling for multivariate hawkes processes with nonparametric link functions}},
  journal = {{Journal of Time Series Analysis}},
  volume = {38},
  number = {2},
  pages = {225--242},
  year = {2017},
  note = {Extract from Causal Deep Learning.pdf [46]}
}

@article{Freeman1983Granger,
  author = {Freeman, John R},
  title = {{Granger causality and the times series analysis of political relationships}},
  journal = {{American Journal of Political Science}},
  pages = {327--358},
  year = {1983},
  note = {Extract from Causal Deep Learning.pdf [46]}
}

@article{Caporale1997Causality,
  author = {Caporale, Guglielmo Maria and Pittis, Nikitas},
  title = {{Causality and forecasting in incomplete systems}},
  journal = {{Journal of Forecasting}},
  volume = {16},
  number = {6},
  pages = {425--437},
  year = {1997},
  doi = {https://doi.org/10.1002/(SICI)1099-131X(199711)16:6<425:: AID-FOR657>3.0.CO;2-9},
  url = {https://onlinelibrary.wiley.com/doi/abs/10.1002/%28SICI%291099-131X%28199711%2916%3A6%3C425%3A%3AAID-FOR657%3E3.0.CO%3B2-9},
  note = {Extract from Causal Deep Learning.pdf [46]}
}

@inproceedings{Calderhead2008Accelerating,
  author = {Calderhead, Ben and Girolami, Mark and Lawrence, Neil},
  title = {{Accelerating bayesian inference over nonlinear differential equations with gaussian processes}},
  booktitle = {{Advances in neural information processing systems}},
  volume = {21},
  year = {2008},
  note = {Extract from Causal Deep Learning.pdf [47]}
}

@article{Ramsay2007Parameter,
  author = {Ramsay, Jim O and Hooker, Giles and Campbell, David and Cao, Jiguo},
  title = {{Parameter estimation for differential equations: a generalized smoothing approach}},
  journal = {{Journal of the Royal Statistical Society: Series B (Statistical Methodology)}},
  volume = {69},
  number = {5},
  pages = {741--796},
  year = {2007},
  note = {Extract from Causal Deep Learning.pdf [47]}
}

@article{Macdonald2015Gradient,
  author = {Macdonald, Benn and Husmeier, Dirk},
  title = {{Gradient matching methods for computational inference in mechanistic models for systems biology: A review and comparative analysis}},
  journal = {{Frontiers in Bioengineering and Biotechnology}},
  volume = {3},
  year = {2015},
  issn = {2296-4185},
  doi = {10.3389/fbioe.2015.00180},
  url = {https://www.frontiersin.org/articles/10.3389/fbioe.2015.00180},
  note = {Extract from Causal Deep Learning.pdf [47]}
}

@inproceedings{Wenk2019Fast,
  author = {Wenk, Philippe and Gotovos, Alkis and Bauer, Stefan and Gorbach, Nico S. and Krause, Andreas and Buhmann, Joachim M.},
  title = {{Fast gaussian process based gradient matching for parameter identification in systems of nonlinear odes}},
  booktitle = {{Proceedings of the Twenty-Second International Conference on Artificial Intelligence and Statistics}},
  pages = {1351--1360},
  volume = {89},
  series = {{Proceedings of Machine Learning Research}},
  editor = {Chaudhuri, Kamalika and Sugiyama, Masashi},
  year = {2019},
  month = {Apr},
  url = {https://proceedings.mlr.press/v89/wenk19a.html},
  note = {Extract from Causal Deep Learning.pdf [48]}
}

@article{Dattner2015Optimal,
  author = {Dattner, Itai and Klaassen, Chris AJ},
  title = {{Optimal rate of direct estimators in systems of ordinary differential equations linear in functions of the parameters}},
  journal = {{Electronic Journal of Statistics}},
  volume = {9},
  number = {2},
  pages = {1939--1973},
  year = {2015},
  note = {Extract from Causal Deep Learning.pdf [49]}
}

@article{Oates2014Causal,
  author = {Oates, Chris J. and Dondelinger, Frank and Bayani, Nora and Korkola, James and Gray, Joe W. and Mukherjee, Sach},
  title = {{Causal network inference using biochemical kinetics}},
  journal = {{Bioinformatics}},
  volume = {30},
  number = {17},
  pages = {i468--i474},
  year = {2014},
  month = {Aug},
  issn = {1367-4803},
  doi = {10.1093/bioinformatics/btu452},
  url = {https://doi.org/10.1093/bioinformatics/btu452},
  note = {Extract from Causal Deep Learning.pdf [49]}
}

@article{Li2020Enhanced,
  author = {Li, Dashe and Sun, Jiajun and Yang, Huanhai and Wang, Xueying},
  title = {{An enhanced naive bayes model for dissolved oxygen forecasting in shellfish aquaculture}},
  journal = {{IEEE Access}},
  volume = {8},
  pages = {217917--217927},
  year = {2020},
  doi = {10.1109/ACCESS.2020.3042180},
  note = {Extract from Causal Deep Learning.pdf [50]}
}

@misc{Zhang2022Causal,
  author = {Zhang, Jingwen and Chen, Yifang and Singh, Amandeep},
  title = {{Causal bandits: Online decision-making in endogenous settings}},
  howpublished = {arXiv preprint arXiv:2211.08649},
  year = {2022},
  note = {Extract from Causal Deep Learning.pdf [50]}
}

@inproceedings{Lee2018Structural,
  author = {Lee, Sanghack and Bareinboim, Elias},
  title = {{Structural causal bandits: Where to intervene?}},
  booktitle = {{Advances in Neural Information Processing Systems}},
  volume = {31},
  editor = {Bengio, S. and Wallach, H. and Larochelle, H. and Grauman, K. and Cesa-Bianchi, N. and Garnett, R.},
  year = {2018},
  publisher = {{Curran Associates, Inc.}},
  url = {https://proceedings.neurips.cc/paper/2018/file/c0a271bc0ecb776a094786474322cb82-Paper.pdf},
  note = {Extract from Causal Deep Learning.pdf [50]}
}

@misc{Bilodeau2022Adaptively,
  author = {Bilodeau, Blair and Wang, Linbo and Roy, Daniel M.},
  title = {{Adaptively exploiting d-separators with causal bandits}},
  year = {2022},
  doi = {10.48550/ARXIV.2202.05100},
  url = {https://arxiv.org/abs/2202.05100},
  note = {Extract from Causal Deep Learning.pdf [51]}
}

@article{Berrevoets2022Treatment,
  author = {Berrevoets, Jeroen and Verboven, Sam and Verbeke, Wouter},
  title = {{Treatment effect optimisation in dynamic environments}},
  journal = {{Journal of Causal Inference}},
  volume = {10},
  number = {1},
  pages = {106--122},
  year = {2022},
  doi = {10.1515/jci-2020-0009},
  url = {https://doi.org/10.1515/jci-2020-0009},
  note = {Extract from Causal Deep Learning.pdf [51]}
}

@inproceedings{Sen2017Contextual,
  author = {Sen, Rajat and Shanmugam, Karthikeyan and Kocaoglu, Murat and Dimakis, Alex and Shakkottai, Sanjay},
  title = {{Contextual Bandits with Latent Confounders: An NMF Approach}},
  booktitle = {{Proceedings of the 20th International Conference on Artificial Intelligence and Statistics}},
  pages = {518--527},
  volume = {54},
  series = {{Proceedings of Machine Learning Research}},
  editor = {Singh, Aarti and Zhu, Jerry},
  year = {2017},
  month = {Apr},
  url = {https://proceedings.mlr.press/v54/sen17a.html},
  note = {Extract from Causal Deep Learning.pdf [51]}
}

@inproceedings{Lu2020Regret,
  author = {Lu, Yangyi and Meisami, Amirhossein and Tewari, Ambuj and Yan, William},
  title = {{Regret analysis of bandit problems with causal background knowledge}},
  booktitle = {{Proceedings of the 36th Conference on Uncertainty in Artificial Intelligence (UAI)}},
  pages = {141--150},
  volume = {124},
  series = {{Proceedings of Machine Learning Research}},
  editor = {Peters, Jonas and Sontag, David},
  year = {2020},
  month = {Aug},
  url = {https://proceedings.mlr.press/v124/lu20a.html},
  note = {Extract from Causal Deep Learning.pdf [52]}
}

@inproceedings{Aglietti2020Causal,
  author = {Aglietti, Virginia and Lu, Xiaoyu and Paleyes, Andrei and González, Javier},
  title = {{Causal bayesian optimization}},
  booktitle = {{Proceedings of the Twenty Third International Con-ference on Artificial Intelligence and Statistics}},
  pages = {3155--3164},
  volume = {108},
  series = {{Proceedings of Machine Learning Research}},
  editor = {Chiappa, Silvia and Calandra, Roberto},
  year = {2020},
  month = {Aug},
  url = {https://proceedings.mlr.press/v108/aglietti20a.html},
  note = {Extract from Causal Deep Learning.pdf [52]}
}

@inproceedings{Aglietti2021Dynamic,
  author = {Aglietti, Virginia and Dhir, Neil and González, Javier and Damoulas, Theodoros},
  title = {{Dynamic causal bayesian optimization}},
  booktitle = {{Advances in Neural Information Processing Systems}},
  volume = {34},
  pages = {10549--10560},
  year = {2021},
  editor = {Ranzato, M. and Beygelzimer, A. and Dauphin, Y. and Liang, P.S. and Vaughan, J. Wortman},
  publisher = {{Curran Associates, Inc.}},
  url = {https://proceedings.neurips.cc/paper/2021/file/577bcc914f9e55d5e4e4f82f9f00e7d4-Paper.pdf},
  note = {Extract from Causal Deep Learning.pdf [53]}
}

@inproceedings{Tennenholtz2021Bandits,
  author = {Tennenholtz, Guy and Shalit, Uri and Mannor, Shie and Efroni, Yonathan},
  title = {{Bandits with partially observable confounded data}},
  booktitle = {{Proceedings of the Thirty-Seventh Conference on Uncertainty in Artificial Intelligence}},
  pages = {430--439},
  volume = {161},
  series = {{Proceedings of Machine Learning Research}},
  editor = {de Campos, Cassio and Maathuis, Marloes H.},
  year = {2021},
  month = {Jul},
  url = {https://proceedings.mlr.press/v161/tennenholtz21a.html},
  note = {Extract from Causal Deep Learning.pdf [53]}
}

@misc{Dasgupta2019Causal,
  author = {Dasgupta, Ishita and Wang, Jane and Chiappa, Silvia and Mitrovic, Jovana and Ortega, Pedro and Raposo, David and Hughes, Edward and Battaglia, Peter and Botvinick, Matthew and Kurth-Nelson, Zeb},
  title = {{Causal reasoning from meta-reinforcement learning}},
  howpublished = {arXiv preprint arXiv:1901.08162},
  year = {2019},
  note = {Extract from Causal Deep Learning.pdf [54, 55]}
}

@inproceedings{Seitzer2021Causal,
  author = {Seitzer, Maximilian and Schölkopf, Bernhard and Martius, Georg},
  title = {{Causal influence detection for improving efficiency in reinforcement learning}},
  booktitle = {{Advances in Neural Information Processing Systems}},
  volume = {34},
  pages = {22905--22918},
  year = {2021},
  editor = {Ranzato, M. and Beygelzimer, A. and Dauphin, Y. and Liang, P.S. and Vaughan, J. Wortman},
  publisher = {{Curran Associates, Inc.}},
  url = {https://proceedings.neurips.cc/paper/2021/file/c1722a7941d61aad6e651a35b65a9c3e-Paper.pdf},
  note = {Extract from Causal Deep Learning.pdf [54]}
}

@misc{Mutti2022Provably,
  author = {Mutti, Mirco and De Santi, Riccardo and Rossi, Emanuele and Calderon, Juan Felipe and Bronstein, Michael M. and Restelli, Marcello},
  title = {{Provably efficient causal model-based reinforcement learning for environment-agnostic generalization}},
  howpublished = {{A causal view on dynamical systems, NeurIPS 2022 workshop}},
  year = {2022},
  url = {https://openreview.net/forum?id=VDunku3bDk},
  note = {Extract from Causal Deep Learning.pdf [56]}
}

@misc{Wen2021CausalTgan,
  author = {Wen, Bingyang and Colon, Luis Oliveros and Subbalakshmi, KP and Chandramouli, Rajarathnam},
  title = {{Causal-tgan: Generating tabular data using causal generative adversarial networks}},
  howpublished = {arXiv preprint arXiv:2104.10680},
  year = {2021},
  note = {Extract from Causal Deep Learning.pdf [56]}
}

@article{Kocaoglu2018CausalGAN,
  author = {Kocaoglu, Murat and Snyder, Christopher and Dimakis, Alexandros G. and Vishwanath, Sriram},
  title = {{CausalGAN: Learning causal implicit generative models with adversarial training}},
  journal = {{International Conference on Learning Representations}},
  year = {2018},
  url = {https://openreview.net/forum?id=BJE-4xW0W},
  note = {Extract from Causal Deep Learning.pdf [57]}
}

@article{Sauer2021Counterfactual,
  author = {Sauer, Axel and Geiger, Andreas},
  title = {{Counterfactual generative networks}},
  journal = {{International Conference on Learning Representations}},
  year = {2021},
  url = {https://openreview.net/forum?id=BXewfAYMmJw},
  note = {Extract from Causal Deep Learning.pdf [57]}
}

@article{Xu2019Achieving,
  author = {Xu, Depeng and Wu, Yongkai and Yuan, Shuhan and Zhang, Lu and Wu, Xintao},
  title = {{Achieving causal fairness through generative adversarial networks}},
  journal = {{Proceedings of the Twenty-Eighth International Joint Conference on Artificial Intelligence}},
  year = {2019},
  doi = {10.24963/ijcai.2019/201},
  url = {https://par.nsf.gov/biblio/10126320},
  note = {Extract from Causal Deep Learning.pdf [57]}
}

@article{Liu2023GOGGLE,
  author = {Liu, Tennison and Qian, Zhaozhi and Berrevoets, Jeroen and van der Schaar, Mihaela},
  title = {{GOGGLE: Generative modelling for tabular data by learning relational structure}},
  journal = {{International Conference on Learning Representations}},
  year = {2023},
  url = {https://openreview.net/forum?id=fPVRcJqspu},
  note = {Extract from Causal Deep Learning.pdf [58]}
}

@article{Mnih2015Humanlevel,
  author = {Mnih, Volodymyr and Kavukcuoglu, Koray and Silver, David and Rusu, Andrei A and Veness, Joel and Bellemare, Marc G and Graves, Alex and Riedmiller, Martin and Fidjeland, Andreas K and Ostrovski, Georg and others},
  title = {{Human-level control through deep reinforcement learning}},
  journal = {{nature}},
  volume = {518},
  number = {7540},
  pages = {529--533},
  year = {2015},
  note = {Extract from Causal Deep Learning.pdf [58]}
}

@misc{Athalye2017Synthesizing,
  author = {Athalye, A. and Engstrom, L. and Ilyas, A. and Kwok, K.},
  title = {{Synthesizing Robust Adversarial Examples}},
  howpublished = {arXiv, cs.CV},
  year = {2017},
  note = {Extract from Deep Learning A Critical Appraisal.pdf [59]}
}

@misc{Besold2017NeuralSymbolic,
  author = {Besold, T. R. and Garcez, A. D. and Bader, S. and Bowman, H. and Domingos, P. and Hitzler, P. and others},
  title = {{Neural-Symbolic Learning and Reasoning: A Survey and Interpretation}},
  howpublished = {arXiv, cs.AI},
  year = {2017},
  note = {Extract from Deep Learning A Critical Appraisal.pdf [59]}
}

@misc{Bosnjak2016Programming,
  author = {Bošnjak, M. and Rocktäschel, T. and Naradowsky, J. and Riedel, S.},
  title = {{Programming with a Differentiable Forth Interpreter}},
  howpublished = {arXiv},
  year = {2016},
  note = {Extract from Deep Learning A Critical Appraisal.pdf [59]}
}

@inproceedings{Bottou2015Two,
  author = {Bottou, L.},
  title = {{Two big challenges in machine learning}},
  booktitle = {{Proceedings from 32nd International}},
  year = {2015},
  note = {Extract from Deep Learning A Critical Appraisal.pdf [59]}
}

@misc{Tran2016aEdward,
  author = {Tran, Dustin and Kucukelbir, Alp and Dieng, Adji B. and Rudolph, Maja and Liang, Dawen and Blei, David M.},
  title = {{Edward: A library for probabilistic modeling, inference, and criticism}},
  howpublished = {arXiv preprint arXiv:1610.09787},
  year = {2016},
  note = {See Tran et al. (2016a) for details of the API. A companion webpage for this paper is available at http://edwardlib.org/iclr2017. It contains more complete examples with runnable code. Extract from Edward-Intro.pdf [60, 61]}
}

@misc{Abadi2016TensorFlow,
  author = {Abadi, Martín and Barham, Paul and Chen, Jianmin and Chen, Zhifeng and Davis, Andy and Dean, Jeffrey and Devin, Matthieu and Ghemawat, Sanjay and Irving, Geoffrey and Isard, Michael and others},
  title = {{TensorFlow: A system for large-scale machine learning}},
  howpublished = {arXiv preprint arXiv:1605.08695},
  year = {2016},
  note = {Extract from Edward-Intro.pdf [62]}
}

@article{Andrieu2009PseudoMarginal,
  author = {Andrieu, Christophe and Roberts, Gareth O},
  title = {{The pseudo-marginal approach for efficient Monte Carlo computations}},
  journal = {{The Annals of Statistics}},
  pages = {697--725},
  year = {2009},
  note = {Extract from Edward-Intro.pdf [62]}
}

@misc{Chollet2015Keras,
  author = {Chollet, François},
  title = {{Keras}},
  howpublished = {https://github.com/fchollet/keras},
  year = {2015},
  note = {Extract from Edward-Intro.pdf [63]}
}

@techreport{Culler1986Dataflow,
  author = {Culler, David E},
  title = {{Dataflow architectures}},
  institution = {{DTIC Document}},
  year = {1986},
  type = {{Technical report}},
  note = {Extract from Edward-Intro.pdf [63]}
}

@article{Dayan1995Helmholtz,
  author = {Dayan, Peter and Hinton, Geoffrey E and Neal, Radford M and Zemel, Richard S},
  title = {{The Helmholtz machine}},
  journal = {{Neural computation}},
  volume = {7},
  number = {5},
  pages = {889--904},
  year = {1995},
  note = {Extract from Edward-Intro.pdf [63]}
}

@inproceedings{Denton2015Deep,
  author = {Denton, Emily L and Chintala, Soumith and Fergus, Rob and others},
  title = {{Deep generative image models using a Laplacian pyramid of adversarial networks}},
  booktitle = {{Neural Information Processing Systems}},
  year = {2015},
  note = {Extract from Edward-Intro.pdf [63]}
}

@misc{Dieng2016xDivergence,
  author = {Dieng, Adji B. and Tran, Dustin and Ranganath, Rajesh and Paisley, John and Blei, David M.},
  title = {{$\chi$-divergence for approximate inference}},
  howpublished = {arXiv preprint arXiv:1611.00328},
  year = {2016},
  note = {Extract from Edward-Intro.pdf [63]}
}

@article{Gelfand1990Samplingbased,
  author = {Gelfand, Alan E and Smith, Adrian FM},
  title = {{Sampling-based approaches to calculating marginal densi-ties}},
  journal = {{Journal of the American statistical association}},
  volume = {85},
  number = {410},
  pages = {398--409},
  year = {1990},
  note = {Extract from Edward-Intro.pdf [64]}
}

@article{Ghahramani2015Probabilistic,
  author = {Ghahramani, Zoubin},
  title = {{Probabilistic machine learning and artificial intelligence}},
  journal = {{Nature}},
  volume = {521},
  number = {7553},
  pages = {452--459},
  year = {2015},
  note = {Extract from Edward-Intro.pdf [64]}
}

@inproceedings{Goodfellow2014Generative,
  author = {Goodfellow, Ian and Pouget-Abadie, Jean and Mirza, M and Xu, Bing and Warde-Farley, David and Ozair, Sherjil and Courville, Aaron and Bengio, Yoshua},
  title = {{Generative adversarial nets}},
  booktitle = {{Neural Information Processing Systems}},
  year = {2014},
  note = {Extract from Edward-Intro.pdf [64]}
}

@inproceedings{Goodman2012Church,
  author = {Goodman, Noah and Mansinghka, Vikash and Roy, Daniel M and Bonawitz, Keith and Tenenbaum, Joshua B},
  title = {{Church: A language for generative models}},
  booktitle = {{Uncertainty in Artificial Intelligence}},
  year = {2012},
  note = {Extract from Edward-Intro.pdf [64]}
}

@inproceedings{Gregor2015DRAW,
  author = {Gregor, Karol and Danihelka, Ivo and Graves, Alex and Rezende, Danilo J and Wierstra, Daan},
  title = {{DRAW: A re-current neural network for image generation}},
  booktitle = {{International Conference on Machine Learning}},
  year = {2015},
  note = {Extract from Edward-Intro.pdf [65]}
}

@inproceedings{Gutmann2010Noisecontrastive,
  author = {Gutmann, M and Hyvärinen, A},
  title = {{Noise-contrastive estimation: A new estimation principle for unnor-malized statistical models}},
  booktitle = {{Artificial Intelligence and Statistics}},
  year = {2010},
  note = {Extract from Edward-Intro.pdf [65]}
}

@article{Hinton2002Training,
  author = {Hinton, Geoffrey E},
  title = {{Training products of experts by minimizing contrastive divergence}},
  journal = {{Neural computation}},
  volume = {14},
  number = {8},
  pages = {1771--1800},
  year = {2002},
  note = {Extract from Edward-Intro.pdf [65]}
}

@article{Hinton2006Fast,
  author = {Hinton, Geoffrey E and Osindero, Simon and Teh, Yee-Whye},
  title = {{A fast learning algorithm for deep belief nets}},
  journal = {{Neural computation}},
  volume = {18},
  number = {7},
  pages = {1527--1554},
  year = {2006},
  note = {Extract from Edward-Intro.pdf [65]}
}

@inproceedings{Hoffman2015Structured,
  author = {Hoffman, Matthew and Blei, David M.},
  title = {{Structured stochastic variational inference}},
  booktitle = {{Artificial Intelligence and Statistics}},
  year = {2015},
  note = {Extract from Edward-Intro.pdf [66]}
}

@article{Hoffman2013Stochastic,
  author = {Hoffman, Matthew D and Blei, David M and Wang, Chong and Paisley, John},
  title = {{Stochastic variational infer-ence}},
  journal = {{The Journal of Machine Learning Research}},
  volume = {14},
  number = {1},
  pages = {1303--1347},
  year = {2013},
  note = {Extract from Edward-Intro.pdf [66]}
}

@misc{Jia2014Caffe,
  author = {Jia, Yangqing and Shelhamer, Evan and Donahue, Jeff and Karayev, Sergey and Long, Jonathan and Girshick, Ross and Guadarrama, Sergio and Darrell, Trevor},
  title = {{Caffe: Convolutional architecture for fast feature embed-ding}},
  howpublished = {arXiv preprint arXiv:1408.5093},
  year = {2014},
  note = {Extract from Edward-Intro.pdf [66]}
}

@inproceedings{Milch2005Blog,
  author = {Milch, Brian and Marthi, Bhaskara and Russell, Stuart and Sontag, David and Ong, Daniel L and Kolobov, Andrey},
  title = {{Blog}},
  booktitle = {{International Joint Conference on Artificial Intelligence}},
  year = {2005},
  note = {Extract from Edward-Intro.pdf [67]}
}

@misc{Minka2014Infer,
  author = {Minka, T. and Winn, J.M. and Guiver, J.P. and Webster, S. and Zaykov, Y. and Yangel, B. and Spengler, A. and Bronskill, J.},
  title = {{Infer.NET 2.6}},
  year = {2014},
  publisher = {{Microsoft Research Cambridge}},
  url = {http://research.microsoft.com/infernet},
  note = {Extract from Edward-Intro.pdf [67]}
}

@inproceedings{Minka2001Expectation,
  author = {Minka, Thomas P},
  title = {{Expectation propagation for approximate Bayesian inference}},
  booktitle = {{Uncertainty in Artificial Intelligence}},
  year = {2001},
  note = {Extract from Edward-Intro.pdf [67]}
}

@article{Murphy2001Bayes,
  author = {Murphy, Kevin},
  title = {{The Bayes net toolbox for Matlab}},
  journal = {{Computing Science and Statistics}},
  volume = {33},
  number = {2},
  pages = {1024--1034},
  year = {2001},
  note = {Extract from Edward-Intro.pdf [67]}
}

@incollection{Neal2011MCMC,
  author = {Neal, Radford M},
  title={MCMC using Hamiltonian dynamics},
  author={Neal, Radford M and others},
  journal={Handbook of markov chain monte carlo},
  volume={2},
  number={11},
  pages={2},
  year={2011},
  publisher={Chapman and Hall/CRC},
  note = {Extract from Edward-Intro.pdf [68]}
}

@incollection{Neal1993New,
  author = {Neal, Radford M. and Hinton, Geoffrey E.},
  title = {{A new view of the EM algorithm that justifies incremental and other variants}},
  booktitle = {{Learning in Graphical Models}},
  pages = {355--368},
  year = {1993},
  publisher = {{Kluwer Academic Publishers}},
  note = {Extract from Edward-Intro.pdf [68]}
}

@inproceedings{Paisley2012Variational,
  author = {Paisley, John and Blei, David M. and Jordan, Michael},
  title = {{Variational Bayesian inference with stochastic search}},
  booktitle = {{International Conference on Machine Learning}},
  year = {2012},
  note = {Extract from Edward-Intro.pdf [68]}
}

@inproceedings{Pfeffer2001IBAL,
  author = {Pfeffer, Avi},
  title = {{IBAL: A probabilistic rational programming language}},
  booktitle = {{International Joint Conference on Artificial Intelligence}},
  pages = {733--740},
  year = {2001},
  publisher = {{Citeseer}},
  note = {Extract from Edward-Intro.pdf [68]}
}

@misc{Ritchie2016Deep,
  author = {Ritchie, Daniel and Horsfall, Paul and Goodman, Noah D},
  title = {{Deep amortized inference for probabilistic programs}},
  howpublished = {arXiv preprint arXiv:1610.05735},
  year = {2016},
  note = {Extract from Edward-Intro.pdf [69]}
}

@book{Robert1999Monte,
  author = {Robert, Christian P and Casella, George},
  title = {{Monte Carlo Statistical Methods}},
  publisher = {{Springer}},
  year = {1999},
  note = {Extract from Edward-Intro.pdf [69]}
}

@inproceedings{Rudolph2016Exponential,
  author = {Rudolph, Maja R and Ruiz, Francisco J R and Mandt, Stephan and Blei, David M},
  title = {{Exponential family embeddings}},
  booktitle = {{Neural Information Processing Systems}},
  year = {2016},
  note = {Extract from Edward-Intro.pdf [69]}
}

@inproceedings{Salakhutdinov2008Quantitative,
  author = {Salakhutdinov, Ruslan and Murray, Iain},
  title = {{On the quantitative analysis of deep belief networks}},
  booktitle = {{International Conference on Machine Learning}},
  year = {2008},
  note = {Extract from Edward-Intro.pdf [69]}
}

@misc{Salvatier2015Probabilistic,
  author = {Salvatier, John and Wiecki, Thomas and Fonnesbeck, Christopher},
  title = {{Probabilistic Programming in Python using PyMC}},
  howpublished = {arXiv preprint arXiv:1507.08050},
  year = {2015},
  note = {Extract from Edward-Intro.pdf [70]}
}

@inproceedings{Scibior2015Practical,
  author = {Ścibior, Adam and Ghahramani, Zoubin and Gordon, Andrew D},
  title = {{Practical probabilistic programming with monads}},
  booktitle = {{the 8th ACM SIGPLAN Symposium}},
  pages = {165--176},
  year = {2015},
  address = {New York, New York, USA},
  publisher = {{ACM Press}},
  note = {Extract from Edward-Intro.pdf [70]}
}

@misc{Spiegelhalter1995BUGS,
  author = {Spiegelhalter, David J and Thomas, Andrew and Best, Nicky G and Gilks, Wally R},
  title = {{BUGS: Bayesian infer-ence using Gibbs sampling, version 0.50}},
  year = {1995},
  institution = {{MRC Biostatistics Unit, Cambridge}},
  note = {Extract from Edward-Intro.pdf [70]}
}

@misc{Stuhlmueller2012Forest,
  author = {Stuhlmüller, Andreas},
  title = {{Forest: A repository for generative models}},
  year = {2012},
  url = {http://forestdb.org},
  note = {Extract from Edward-Intro.pdf [61]}
}

@inproceedings{Tran2016bVariational,
  author = {Tran, Dustin and Ranganath, Rajesh and Blei, David M.},
  title = {{The variational Gaussian process}},
  booktitle = {{International Conference on Learning Representations}},
  year = {2016},
  note = {Extract from Edward-Intro.pdf [61]}
}

@misc{Tran2017Deep,
  author = {Tran, Dustin and Ranganath, Rajesh and Blei, David M},
  title = {{Deep and hierarchical implicit models}},
  howpublished = {arXiv preprint arXiv:1702.08896},
  year = {2017},
  note = {Extract from Edward-Intro.pdf [61]}
}

@inproceedings{Wood2014New,
  author = {Wood, Frank and van de Meent, Jan Willem and Mansinghka, Vikash},
  title = {{A new approach to probabilistic programming inference}},
  booktitle = {{Artificial Intelligence and Statistics}},
  year = {2014},
  note = {Extract from Edward-Intro.pdf [71]}
}

@misc{Wu2016Swift,
  author = {Wu, Yi and Li, Lei and Russell, Stuart and Bodik, Rastislav},
  title = {{Swift: Compiled inference for probabilistic programming languages}},
  howpublished = {arXiv preprint arXiv:1606.09242},
  year = {2016},
  note = {Extract from Edward-Intro.pdf [71]}
}

@misc{Zinkov2016Composing,
  author = {Zinkov, Robert and Shan, Chung-chieh},
  title = {{Composing inference algorithms as program transformations}},
  howpublished = {arXiv preprint arXiv:1603.01882},
  year = {2016},
  note = {Extract from Edward-Intro.pdf [71]}
}

@inproceedings{Baker2017aDesigning,
  author = {Baker, Bowen and Gupta, Otkrist and Naik, Nikhil and Raskar, Ramesh},
  title = {{Designing neural network architectures using reinforcement learning}},
  booktitle = {{Proceedings of the 5th International Conference on Learning Representations (ICLR)}},
  year = {2017},
  note = {Extract from GRAPH HYPERNETWORKS.pdf [72]}
}

@inproceedings{Baker2017bAccelerating,
  author = {Baker, Bowen and Gupta, Otkrist and Raskar, Ramesh and Naik, Nikhil},
  title = {{Accelerating neural architecture search using performance prediction}},
  booktitle = {{NIPS Workshop on Meta-Learning}},
  year = {2017},
  note = {Extract from GRAPH HYPERNETWORKS.pdf [72]}
}

@inproceedings{Bender2018Understanding,
  author = {Bender, Gabriel and Kindermans, Pieter-Jan and Zoph, Barret and Vasudevan, Vijay and Le, Quoc},
  title = {{Understanding and simplifying one-shot architecture search}},
  booktitle = {{Proceedings of the 35th International Conference on Machine Learning (ICML)}},
  year = {2018},
  note = {Extract from GRAPH HYPERNETWORKS.pdf [72]}
}

@inproceedings{Huang2017Densely,
  author = {Huang, Gao and Liu, Zhuang and Van Der Maaten, Laurens and Weinberger, Kilian Q},
  title = {{Densely connected convolutional networks}},
  booktitle = {{Proceedings of the IEEE Conference on Computer Vision and Pattern Recognition (CVPR)}},
  year = {2017},
  note = {Extract from GRAPH HYPERNETWORKS.pdf [73]}
}

@inproceedings{Huang2018MultiScale,
  author = {Huang, Gao and Chen, Danlu and Li, Tianhong and Wu, Felix and van der Maaten, Laurens and Weinberger, Kilian Q},
  title = {{Multi-scale dense networks for resource efficient image classification}},
  booktitle = {{Proceedings of the 6th International Conference on Learning Representations (ICLR)}},
  year = {2018},
  note = {Extract from GRAPH HYPERNETWORKS.pdf [73]}
}

@inproceedings{Kingma2015Adam,
  author = {Kingma, Diederik P and Ba, Jimmy},
  title = {{Adam: A method for stochastic optimization}},
  booktitle = {{Proceedings of the 3rd International Conference on Learning Representations (ICLR)}},
  year = {2015},
  note = {Extract from GRAPH HYPERNETWORKS.pdf [73]}
}

@inproceedings{Schmidhuber1993SelfReferential,
  author = {Schmidhuber, Jürgen},
  title = {{A ‘self-referential’weight matrix}},
  booktitle = {{International Conference on Artificial Neural Networks (ICANN)}},
  year = {1993},
  publisher = {{Springer}},
  note = {Extract from GRAPH HYPERNETWORKS.pdf [74]}
}

@misc{Tan2018Mnasnet,
  author = {Tan, Mingxing and Chen, Bo and Pang, Ruoming and Vasudevan, Vijay and Le, Quoc V},
  title = {{Mnasnet: Platform-aware neural architecture search for mobile}},
  howpublished = {arXiv preprint arXiv:1807.11626},
  year = {2018},
  note = {Extract from GRAPH HYPERNETWORKS.pdf [74]}
}

@article{Werbos1990Backpropagation,
  author = {Werbos, Paul J},
  title = {{Backpropagation through time: what it does and how to do it}},
  journal = {{Proceedings of the IEEE}},
  volume = {78},
  number = {10},
  pages = {1550--1560},
  year = {1990},
  note = {Extract from GRAPH HYPERNETWORKS.pdf [74]}
}

@article{Xie2017Genetic,
  author = {Xie, Lingxi and Yuille, Alan L.},
  title = {{Genetic CNN}},
  journal = {{IEEE International Conference on Computer Vision (ICCV)}},
  year = {2017},
  note = {Extract from GRAPH HYPERNETWORKS.pdf [74]}
}

@article{Biswal1997Simultaneous,
  author = {Biswal, B. B. and Kylen, J. V. and Hyde, J. S.},
  title = {{Simultaneous assessment of flow and bold signals in resting-state func-tional connectivity maps}},
  journal = {{NMR in Biomedicine}},
  volume = {10},
  number = {4-5},
  pages = {165--170},
  year = {1997},
  note = {Extract from Generative Causal Explanations for Graph Neural Networks.pdf [75]}
}

@article{Bressler2011WienerGranger,
  author = {Bressler, S. L. and Seth, A. K.},
  title = {{Wiener–Granger Causality: a Well Established Methodology}},
  journal = {{Neuroimage}},
  volume = {58},
  number = {2},
  pages = {323--329},
  year = {2011},
  note = {Extract from Generative Causal Explanations for Graph Neural Networks.pdf [75]}
}

@inproceedings{Chattopadhyay2019Neural,
  author = {Chattopadhyay, A. and Manupriya, P. and Sarkar, A. and Balasub-ramanian, V. N.},
  title = {{Neural Network Attributions: A Causal Perspective}},
  booktitle = {{Proc. International Conference on Ma-chine Learning}},
  year = {2019},
  note = {Extract from Generative Causal Explanations for Graph Neural Networks.pdf [75]}
}

@inproceedings{Vu2020PGMExplainer,
  author = {Vu, M. N. and Thai, M. T.},
  title = {{PGM-Explainer: Probabilistic Graphical Model Explanations for Graph Neural Net-works}},
  booktitle = {{Proc. Advances in Neural Information Process-ing Systems}},
  year = {2020},
  note = {Extract from Generative Causal Explanations for Graph Neural Networks.pdf [76]}
}

@article{Wale2008Comparison,
  author = {Wale, N. and Watson, I. A. and Karypis, G.},
  title = {{Comparison of Descriptor Spaces for Chemical Compound Retrieval and Classification}},
  journal = {{Knowledge and Information Systems}},
  volume = {14},
  number = {3},
  pages = {347--375},
  year = {2008},
  note = {Extract from Generative Causal Explanations for Graph Neural Networks.pdf [76]}
}

@article{Weisfeiler1968Reduction,
  author = {Weisfeiler, B. and Lehman, A. A.},
  title = {{A Reduction of a Graph to a Canonical Form and an Algebra Arising during this Reduction}},
  journal = {{Nauchno-Technicheskaya Informatsia}},
  volume = {2},
  number = {9},
  pages = {12--16},
  year = {1968},
  note = {Extract from Generative Causal Explanations for Graph Neural Networks.pdf [76]}
}


@inproceedings{Ying2019GNNExplainer,
  author = {Ying, Z. and Bourgeois, D. and You, J. and Zitnik, M. and Leskovec, J.},
  title = {{GNNExplainer: Generating Explanations for Graph Neu-ral Networks}},
  booktitle = {{Proc. Advances in Neural Information Processing Systems}},
  pages = {9244--9255},
  year = {2019},
  note = {Extract from Generative Causal Explanations for Graph Neural Networks.pdf [77]}
}

@inproceedings{Yuan2020XGNN,
  author = {Yuan, H. and Tang, J. and Hu, X. and Ji, S.},
  title = {{XGNN: Towards Model-Level Explanations of Graph Neural Networks}},
  booktitle = {{Proc. SIGKDD}},
  year = {2020},
  publisher = {{ACM}},
  note = {Extract from Generative Causal Explanations for Graph Neural Networks.pdf [77]}
}

@inproceedings{Zhang2018Link,
  author = {Zhang, M. and Chen, Y.},
  title = {{Link Prediction Based on Graph Neural Networks}},
  booktitle = {{Proc. Advances in Neural Information Process-ing Systems}},
  year = {2018},
  note = {Extract from Generative Causal Explanations for Graph Neural Networks.pdf [77]}
}

@inproceedings{Arnold2007Temporal,
  author = {Arnold, A. and Liu, Y. and Abe, N.},
  title = {{Temporal causal modeling with graphical Granger methods}},
  booktitle = {{Proc. of SIGKDD}},
  year = {2007},
  note = {Extract from Granger Causality for Time-Series Anomaly Detection.pdf [78]}
}

@misc{Boyd2008Stochastic,
  author = {Boyd, S.},
  title = {{Stochastic subgradient methods}},
  howpublished = {{Lecture slides and notes for EE364b. Stanford University}},
  year = {2008},
  month = {Spring},
  note = {Extract from Granger Causality for Time-Series Anomaly Detection.pdf [78]}
}

@inproceedings{Bradley2011Parallel,
  author = {Bradley, J. and Kyrola, A. and Bickson, D. and Guestrin, C.},
  title = {{Parallel Coordi-nate Descent for L1-Regularized Loss Minimization}},
  booktitle = {{ICML}},
  year = {2011},
  note = {Extract from Granger Causality for Time-Series Anomaly Detection.pdf [78]}
}

@inproceedings{Brovelli2004Beta,
  author = {Brovelli, A. and Ding, M. and Ledberg, A. and Chen, Y. and Nakamura, R. and Bressler, S. L.},
  title = {{Beta oscillations in a large-scale sensorimotor cortical network: Directional influences revealed by granger causality}},
  booktitle = {{Proc. of PNAS}},
  volume = {101},
  number = {26},
  pages = {9849--9854},
  year = {2004},
  note = {Extract from Granger Causality for Time-Series Anomaly Detection.pdf [78]}
}

@inproceedings{Atwood2016DiffusionConvolutional,
  author = {Atwood, James and Towsley, Don},
  title = {{Diffusion-convolutional neural networks}},
  booktitle = {{Advances in Neural Information Processing Systems (NIPS)}},
  pages = {1993--2001},
  year = {2016},
  note = {Extract from How Powerful Are Graph Neural Networks.pdf [79]}
}

@inproceedings{Babai2016Graph,
  author = {Babai, László},
  title = {{Graph isomorphism in quasipolynomial time}},
  booktitle = {{Proceedings of the forty-eighth annual ACM symposium on Theory of Computing}},
  pages = {684--697},
  year = {2016},
  publisher = {{ACM}},
  note = {Extract from How Powerful Are Graph Neural Networks.pdf [79]}
}

@inproceedings{Babai1979Canonical,
  author = {Babai, László and Kucera, Ludik},
  title = {{Canonical labelling of graphs in linear average time}},
  booktitle = {{Foundations of Computer Science, 1979., 20th Annual Symposium on}},
  pages = {39--46},
  year = {1979},
  publisher = {{IEEE}},
  note = {Extract from How Powerful Are Graph Neural Networks.pdf [79]}
}

@article{Auer2002FiniteTime,
  author = {Auer, P. and Cesa-Bianchi, N. and Fischer, P.},
  title = {{Finite-time analysis of the multiarmed bandit problem}},
  journal = {{Machine learning}},
  volume = {47},
  number = {2-3},
  pages = {235--256},
  year = {2002},
  note = {Extract from Near-Optimal Reinforcement Learning.pdf [80]}
}

@article{Auer2002Nonstochastic,
  author = {Auer, P. and Cesa-Bianchi, N. and Freund, Y. and Schapire, R. E.},
  title = {{The nonstochastic multiarmed bandit problem}},
  journal = {{SIAM journal on computing}},
  volume = {32},
  number = {1},
  pages = {48--77},
  year = {2002},
  note = {Extract from Near-Optimal Reinforcement Learning.pdf [80]}
}

@inproceedings{Azizzadenesheli2016Reinforcement,
  author = {Azizzadenesheli, K. and Lazaric, A. and Anandkumar, A.},
  title = {{Reinforcement learning of pomdp’s using spectral methods}},
  booktitle = {{COLT}},
  year = {2016},
  note = {Extract from Near-Optimal Reinforcement Learning.pdf [80]}
}

@article{Jaksch2010NearOptimal,
  author = {Jaksch, T. and Ortner, R. and Auer, P.},
  title = {{Near-optimal regret bounds for reinforcement learning}},
  journal = {{Journal of Machine Learning Research}},
  volume = {11},
  pages = {1563--1600},
  year = {2010},
  month = {Apr},
  note = {Extract from Near-Optimal Reinforcement Learning.pdf [81]}
}

@article{Lavori2000Design,
  author = {Lavori, P. W. and Dawson, R.},
  title = {{A design for testing clinical strategies: biased adaptive within-subject randomization}},
  journal = {{Journal of the Royal Statistical Society: Series A (Statistics in Society)}},
  volume = {163},
  number = {1},
  pages = {29--38},
  year = {2000},
  note = {Extract from Near-Optimal Reinforcement Learning.pdf [81]}
}

@article{Lavori2008Adaptive,
  author = {Lavori, P. W. and Dawson, R.},
  title = {{Adaptive treatment strategies in chronic disease}},
  journal = {{Annu. Rev. Med.}},
  volume = {59},
  pages = {443--453},
  year = {2008},
  note = {Extract from Near-Optimal Reinforcement Learning.pdf [81]}
}

@inproceedings{Lee2019General,
  author = {Lee, S. and Correa, J. D. and Bareinboim, E.},
  title = {{General identifiability with arbitrary surrogate experiments}},
  booktitle = {{Proceedings of Thirty-fifth Conference on Uncertainty in Artificial Intelligence (UAI)}},
  year = {2019},
  address = {Corvallis, OR},
  publisher = {{AUAI Press}},
  note = {Extract from Near-Optimal Reinforcement Learning.pdf [81]}
}


@article{Pena2016Multivariate,
  author = {Pena, M. and Arratia, A. and Belanche, L.},
  title = {{Multivariate dynamic kernels for forecasting financial time series}},
  journal = {{ICANN}},
  year = {2016},
  note = {Extract from Predicting SP500 Index direction with Transfer Learning and a Causal Graph as main Input.pdf [82]}
}

@article{Pena2017Forecasting,
  author = {Pena, M. and Arratia, A. and Belanche, L.},
  title = {{Forecasting financial time series with multivariate dynamic kernels}},
  journal = {{IWANN}},
  year = {2017},
  note = {Extract from Predicting SP500 Index direction with Transfer Learning and a Causal Graph as main Input.pdf [83]}
}

@misc{Sezera2019Financial,
  author = {Sezera, O. and Gudeleka, M. and Ozbayoglua, A.},
  title = {{Financial time series forecasting with deep learn-ing : A systematic literature review: 2005-2019}},
  howpublished = {arXiv:1911.13288v1},
  year = {2019},
  note = {Extract from Predicting SP500 Index direction with Transfer Learning and a Causal Graph as main Input.pdf [83]}
}

@article{Sharpe1964Capital,
  author = {Sharpe, William F.},
  title = {{Capital asset prices – a theory of market equilibrium under conditions of risk}},
  journal = {{Journal of Finance}},
  volume = {19},
  pages = {425--442},
  year = {1964},
  note = {Extract from Predicting SP500 Index direction with Transfer Learning and a Causal Graph as main Input.pdf [83], Predicting SP500 Monthly Direction with Informed Machine Learning.pdf [84]}
}

@article{Gu2018Empirical,
  author = {Gu, Shihao and Kelly, Bryan T. and Dacheng, Xiu},
  title = {{Empirical asset pricing via machine learning}},
  journal = {{Chicago Booth Research Paper No. 18-0}},
  year = {2018},
  note = {Extract from Predicting SP500 Index direction with Transfer Learning and a Causal Graph as main Input.pdf [83]}
}

@misc{Vuppala2015BlackRock,
  author = {Vuppala, K.},
  title = {{BlackRock, Text Analytics for Quant investing}},
  year = {2015},
  note = {Extract from Predicting SP500 Monthly Direction with Informed Machine Learning.pdf [84]}
}

@misc{Squirro2014Use,
  author = {Squirro},
  title = {{Use of unstructured data in financial services}},
  year = {2014},
  note = {White Paper. Extract from Predicting SP500 Monthly Direction with Informed Machine Learning.pdf [84]}
}

@article{Fama1970Efficient,
  author = {Fama, E.},
  title = {{Efficient capital market: a review of theory and empirical work}},
  journal = {{J. Finan.}},
  volume = {25},
  pages = {383--417},
  year = {1970},
  note = {Extract from Predicting SP500 Monthly Direction with Informed Machine Learning.pdf [84]}
}

@article{Fama1991Efficient,
  author = {Fama, E. and French, K.},
  title = {{Efficient capital markets: II}},
  journal = {{J. Finan.}},
  volume = {46},
  pages = {1575--1617},
  year = {1991},
  note = {Extract from Predicting SP500 Monthly Direction with Informed Machine Learning.pdf [84]}
}

@misc{Kenechukwu2018Shift,
  author = {Kenechukwu, A. and Kruttli, M. and McCabe, P. and Osambela, E. and Shin, C.},
  title = {{The shift from active to passive investing: potential risks to financial stability?}},
  year = {2018},
  note = {Working Paper RPA 18–04. Extract from Predicting SP500 Monthly Direction with Informed Machine Learning.pdf [85]}
}

@misc{Johnson2019Actively,
  author = {Johnson, B.},
  title = {{Actively vs. Passively Managed Funds Performance}},
  year = {2019},
  note = {Morningstar Research Services LLC. Extract from Predicting SP500 Monthly Direction with Informed Machine Learning.pdf [85]}
}

@inproceedings{Lee2014Importance,
  author = {Lee, H. and Surdeanu, M. and MacCartney, B. and Jurafsky, D.},
  title = {{On the importance of text analysis for stock price prediction}},
  booktitle = {{Proceedings of the 9th International Con-ference on Language Resources and Evaluation, LREC}},
  year = {2014},
  note = {Extract from Predicting SP500 Monthly Direction with Informed Machine Learning.pdf [85]}
}

@phdthesis{Watkins1989Learning,
  author = {Watkins, Christopher John Cornish Hellaby},
  title = {{Learning from delayed rewards}},
  school = {{University of Cambridge, England}},
  year = {1989},
  note = {Extract from QNN-meng_thesis.pdf [86]}
}

@article{Levine2016EndToEnd,
  author = {Levine, Sergey and Finn, Chelsea and Darrell, Trevor and Abbeel, Pieter},
  title = {{End-to-end training of deep visuomotor policies}},
  journal = {{JMLR}},
  volume = {17},
  number = {39},
  pages = {1--40},
  year = {2016},
  note = {Extract from QNN-meng_thesis.pdf [87]}
}

@article{Kaelbling1996Reinforcement,
  author = {Kaelbling, Leslie Pack and Littman, Michael L and Moore, Andrew W},
  title = {{Reinforcement learning: A survey}},
  journal = {{Journal of Artificial Intelligence Research}},
  volume = {4},
  pages = {237--285},
  year = {1996},
  note = {Extract from QNN-meng_thesis.pdf [87], Towards Causal Representation Learning.pdf [88]}
}

@inproceedings{Vermorel2005MultiArmed,
  author = {Vermorel, Joannes and Mohri, Mehryar},
  title = {{Multi-armed bandit algorithms and em-pirical evaluation}},
  booktitle = {{European Conference on Machine Learning}},
  pages = {437--448},
  year = {2005},
  note = {Extract from QNN-meng_thesis.pdf [87]}
}

@techreport{Lin1993Reinforcement,
  author = {Lin, Long-Ji},
  title = {{Reinforcement learning for robots using neural networks}},
  institution = {{DTIC Document}},
  year = {1993},
  type = {{Technical report}},
  note = {Extract from QNN-meng_thesis.pdf [87]}
}

@article{Bergstra2013Making,
  author = {Bergstra, James and Yamins, Daniel and Cox, David D},
  title = {{Making a science of model search: Hyperparameter optimization in hundreds of dimensions for vision ar-chitectures}},
  journal = {{ICML (1)}},
  volume = {28},
  pages = {115--123},
  year = {2013},
  note = {Extract from QNN-meng_thesis.pdf [89]}
}

@inproceedings{Snoek2015Scalable,
  author = {Snoek, Jasper and Rippel, Oren and Swersky, Kevin and Kiros, Ryan and Satish, Nadathur and Sundaram, Narayanan and Patwary, Mostofa and Prabhat, Mr and Adams, Ryan},
  title = {{Scalable bayesian optimization using deep neural networks}},
  booktitle = {{International Conference on Machine Learning}},
  pages = {2171--2180},
  year = {2015},
  note = {Extract from QNN-meng_thesis.pdf [89]}
}

@article{Bergstra2012Random,
  author = {Bergstra, James and Bengio, Yoshua},
  title = {{Random search for hyper-parameter opti-mization}},
  journal = {{JMLR}},
  volume = {13},
  pages = {281--305},
  year = {2012},
  month = {Feb},
  note = {Extract from QNN-meng_thesis.pdf [89]}
}

@misc{Verbancsics2013Generative,
  author = {Verbancsics, Phillip and Harguess, Josh},
  title = {{Generative neuroevolution for deep learn-ing}},
  howpublished = {arXiv preprint arXiv:1312.5355},
  year = {2013},
  note = {Extract from QNN-meng_thesis.pdf [90]}
}

@misc{Suganuma2017Genetic,
  author = {Suganuma, Masanori and Shirakawa, Shinichi and Nagao, Tomoharu},
  title = {{A genetic pro-gramming approach to designing convolutional neural network architectures}},
  howpublished = {arXiv preprint arXiv:1704.00764},
  year = {2017},
  note = {Extract from QNN-meng_thesis.pdf [90]}
}

@misc{Saxena2016Convolutional,
  author = {Saxena, Shreyas and Verbeek, Jakob},
  title = {{Convolutional neural fabrics}},
  howpublished = {Advances in Neural Information Processing Systems 29},
  pages = {4053--4061},
  year = {2016},
  note = {Extract from QNN-meng_thesis.pdf [90]}
}

@article{Shahriari2016Taking,
  author = {Shahriari, Bobak and Swersky, Kevin and Wang, Ziyu and Adams, Ryan P and de Fre-itas, Nando},
  title = {{Taking the human out of the loop: A review of bayesian optimization}},
  journal = {{Proceedings of the IEEE}},
  volume = {104},
  number = {1},
  pages = {148--175},
  year = {2016},
  note = {Extract from QNN-meng_thesis.pdf [90]}
}

@article{VanDerMaaten2008Visualizing,
  author = {van der Maaten, Laurens and Hinton, Geoffrey},
  title = {{Visualizing data using t-sne}},
  journal = {{Journal of Machine Learning Research}},
  volume = {9},
  pages = {2579--2605},
  year = {2008},
  month = {Nov},
  note = {Extract from QNN-meng_thesis.pdf [91]}
}

@article{Scholkopf2000New,
  author = {Schölkopf, Bernhard and Smola, Alex J and Williamson, Robert C and Bartlett, Peter L},
  title = {{New support vector algorithms}},
  journal = {{Neural computation}},
  volume = {12},
  number = {5},
  pages = {1207--1245},
  year = {2000},
  note = {Extract from QNN-meng_thesis.pdf [91]}
}

@misc{Krizhevsky2012CudaConvnet,
  author = {Krizhevsky, Alex},
  title = {{Cuda-convnet}},
  howpublished = {https://code.google.com/p/cuda-convnet/},
  year = {2012},
  note = {Extract from QNN-meng_thesis.pdf [91]}
}

@article{Tran2018DeepLogic,
  author = {Tran, S. N. and d’Avila Garcez, A. S.},
  title = {{Deep logic networks: Inserting and extracting knowledge from deep belief networks}},
  journal = {{IEEE Trans. Neural Netw. Learn. Syst.}},
  volume = {29},
  number = {2},
  pages = {246--258},
  year = {2018},
  month = {Feb},
  note = {Extract from TNNLS.2019.2953177.pdf [92]}
}

@article{Ghahramani1997Factorial,
  author = {Ghahramani, Z. and Jordan, M. I.},
  title = {{Factorial hidden Markov models}},
  journal = {{Mach. Learn.}},
  volume = {29},
  pages = {245--273},
  year = {1997},
  month = {Nov},
  note = {Extract from TNNLS.2019.2953177.pdf [92]}
}

@article{Heller2009Infinite,
  author = {Heller, K. A. and Teh, Y. W. and Görür, D.},
  title = {{Infinite hierarchical hidden Markov models}},
  journal = {{J. Mach. Learn. Res.}},
  volume = {5},
  pages = {224--231},
  year = {2009},
  month = {Apr},
  note = {Extract from TNNLS.2019.2953177.pdf [92]}
}

@article{Epaillard2019Variational,
  author = {Epaillard, E. and Bouguila, N.},
  title = {{Variational Bayesian learning of gener-alized Dirichlet-based hidden Markov models applied to unusual events detection}},
  journal = {{IEEE Trans. Neural Netw. Learn. Syst.}},
  volume = {30},
  number = {4},
  pages = {1034--1047},
  year = {2019},
  month = {Apr},
  note = {Extract from TNNLS.2019.2953177.pdf [92]}
}

@inproceedings{Hu2017Accident,
  author = {Hu, J. and Zhang, L. and Wang, A. and Li, S.},
  title = {{Accident prevention by fault propagation analysis and causal fault diagnosis based on Granger causality test}},
  booktitle = {{Proc. 13th Int. Conf. Natural Comput., Fuzzy Syst. Knowl. Discovery (ICNC-FSKD)}},
  pages = {1554--1558},
  year = {2017},
  month = {Jul},
  note = {Extract from TNNLS.2019.2953177.pdf [93]}
}

@article{Chen2018Systematic,
  author = {Chen, H.-S. and Yan, Z. and Yao, Y. and Huang, T.-B. and Wong, Y.-S.},
  title = {{Systematic procedure for Granger-causality-based root cause diagnosis of chemical process faults}},
  journal = {{Ind. Eng. Chem. Res.}},
  volume = {57},
  number = {29},
  pages = {9500--9512},
  year = {2018},
  note = {Extract from TNNLS.2019.2953177.pdf [93]}
}

@inproceedings{Qiu2012Granger,
  author = {Qiu, H. and Liu, Y. and Subrahmanya, N. A. and Li, W.},
  title = {{Granger causality for time-series anomaly detection}},
  booktitle = {{Proc. IEEE 12th Int. Conf. Data Mining}},
  pages = {1074--1079},
  year = {2012},
  month = {Dec},
  note = {Extract from TNNLS.2019.2953177.pdf [93]}
}

@article{Jiang2014Robust,
  author = {Jiang, Y. and Jiang, Z.-P.},
  title = {{Robust adaptive dynamic programming and feedback stabilization of nonlinear systems}},
  journal = {{IEEE Trans. Neural Netw. Learn. Syst.}},
  volume = {25},
  number = {5},
  pages = {882--893},
  year = {2014},
  month = {May},
  note = {Extract from TNNLS.2019.2953177.pdf [94]}
}

@mastersthesis{Deng2018Cubic,
  author = {Deng, H. C. and Zhang, Q.},
  title = {{Cubic DUCG (dynamic uncertain causality graph) recursive algorithm and its implementation in nuclear power plant fault diagnoses}},
  school = {{Dept. Eng. Phys., Tsinghua Univ., Beijing, China}},
  year = {2018},
  type = {{M.S. thesis}},
  note = {Extract from TNNLS.2019.2953177.pdf [94]}
}

@article{Deng2021Application,
  author = {Deng, Nan and Zhang, Qin},
  title = {{The Application of Dynamic Uncertain Causality Graph Based Diagnosis and Treatment Unification Model in the Intelligent Diagnosis and Treatment of Hepatitis B}},
  journal = {{Symmetry}},
  volume = {13},
  number = {7},
  pages = {1185},
  year = {2021},
  month = {June},
  doi = {10.3390/sym13071185},
  url = {https://doi.org/10.3390/sym13071185},
  note = {Extract from The Application of Dynamic Uncertain Causality Graph Based Diagnosis and Treatment.pdf [95-97]}
}

@article{Hao2017Intelligent,
  author = {Hao, S.R. and Geng, S.C. and Fan, L.X. and Chen, J.J. and Zhang, Q. and Li, L.J.},
  title = {{Intelligent diagnosis of jaundice with dynamic uncertain causality graph model}},
  journal = {{J. Zhejiang Univ. Sci. B}},
  volume = {18},
  pages = {393--401},
  year = {2017},
  doi = {10.3390/}},
  note = {Extract from The Application of Dynamic Uncertain Causality Graph Based Diagnosis and Treatment.pdf [98]}
}

@article{Deng2020Towards,
  author = {Deng, N. and Zhang, Q.},
  title = {{Towards Dynamic Uncertain Causality Graphs for the Intelligent Diagnosis and Treatment of Hepatitis B}},
  journal = {{Symmetry}},
  volume = {12},
  pages = {1690},
  year = {2020},
  doi = {10.3390/sym12101690},
  url = {https://doi.org/10.3390/sym12101690},
  note = {Extract from The Application of Dynamic Uncertain Causality Graph Based Diagnosis and Treatment.pdf [98]}
}

@inproceedings{Shankaracharya2012Development,
  author = {Shankaracharya, M. and Kumari, S. and Vidyarthi, A.S.},
  title = {{Development of Java based graphical user interface for Diagnosis of Hepatitis UsingI Mixture of Expert}},
  booktitle = {{Proceedings of the International Conference in Microbial}},
  year = {2012},
  address = {Jena, Germany},
  month = {Nov},
  note = {Extract from The Application of Dynamic Uncertain Causality Graph Based Diagnosis and Treatment.pdf [98]}
}

@article{Anto2016Expert,
  author = {Anto, S. and Chandramathi, S. and Aishwarya, S.},
  title = {{An expert system based on LS-SVM and simulated annealing for the diagnosis of diabetes disease}},
  journal = {{Int. J. Inf. Commun. Technol.}},
  volume = {9},
  pages = {88},
  year = {2016},
  doi = {10.1504/IJICT.2016.076899},
  note = {Extract from The Application of Dynamic Uncertain Causality Graph Based Diagnosis and Treatment.pdf [99]}
}

@inproceedings{Rouhani2009Diagnosis,
  author = {Rouhani, M. and Haghighi, M.M.},
  title = {{The Diagnosis of Hepatitis Diseases by Support Vector Machines and Artificial Neural Networks}},
  booktitle = {{Proceedings of the Computer Science \& Information Technology-Spring Conference}},
  year = {2009},
  address = {Singapore},
  month = {Apr},
  note = {Extract from The Application of Dynamic Uncertain Causality Graph Based Diagnosis and Treatment.pdf [99]}
}

@article{Dong2016Identification,
  author = {Dong, C.L. and Zhang, Q.},
  title = {{Identification of Pivotal Causes and Spreaders in the Time-Varying Fault Propagation Model to Improve the Decision Making under Abnormal Situation}},
  journal = {{Qual. Reliab. Eng. Int.}},
  volume = {32},
  pages = {99--109},
  year = {2016},
  doi = {10.1002/qre.1769},
  note = {Extract from The Application of Dynamic Uncertain Causality Graph Based Diagnosis and Treatment.pdf [99]}
}

@article{Agarwal201896,
  author = {Agarwal, K. and Brunetto, M. and Seto, W. and Lim, Y. and Fung, S. and Marcellin, P. and others},
  title = {{96 weeks treatment of tenofovir alafenamide vs. tenofovir disoproxil fumarate for hepatitis B virus infection}},
  journal = {{J. Hepatol.}},
  volume = {68},
  pages = {672},
  year = {2018},
  doi = {10.1016/S0168-8278(18)30801-8},
  note = {Extract from The Application of Dynamic Uncertain Causality Graph Based Diagnosis and Treatment.pdf [100]}
}

@article{EASL2017Clinical,
  author = {{EASL}},
  title = {{2017 Clinical Practice Guidelines on the management of hepatitis B virus infection}},
  journal = {{J. Hepatol.}},
  volume = {67},
  pages = {370--398},
  year = {2017},
  doi = {10.1016/j.jhep.2017.03.010},
  note = {Extract from The Application of Dynamic Uncertain Causality Graph Based Diagnosis and Treatment.pdf [100]}
}

@article{lecun2015deep,
  title={Deep learning},
  author={LeCun, Yann and Bengio, Yoshua and Hinton, Geoffrey},
  journal={nature},
  volume={521},
  number={7553},
  pages={436--444},
  year={2015},
  publisher={Nature Publishing Group UK London}
}

@book{goodfellow2016deep,
  title={Deep learning},
  author={Goodfellow, Ian and Bengio, Yoshua and Courville, Aaron and Bengio, Yoshua},
  volume={1},
  year={2016},
  publisher={MIT press Cambridge}
}

@article{schmidhuber2015deep,
  title={Deep learning in neural networks: An overview},
  author={Schmidhuber, J{\"u}rgen},
  journal={Neural networks},
  volume={61},
  pages={85--117},
  year={2015},
  publisher={Elsevier}
}

@article{Terrault2018Update,
  author = {Terrault, N.A. and Lok, A.S.F. and McMahon, B.J. and Chang, K.M. and Hwang, J.P. and Jonas, M.M. and Brown, R.S., Jr. and Bzowej, N.H. and Wong, J.B.},
  title = {{Update on Prevention, Diagnosis, and Treatment of Chronic Hepatitis B: AASLD 2018 Hepatitis B Guidance}},
  journal = {{Clin. Liver Dis.}},
  volume = {12},
  pages = {33--34},
  year = {2018},
  doi = {10.1002/cld.729},
  note = {Extract from The Application of Dynamic Uncertain Causality Graph Based Diagnosis and Treatment.pdf [100]}
}

@inproceedings{Balke1994Probabilistic,
  author = {Balke, A. and Pearl, J.},
  title = {{Probabilistic evaluation of counterfactual queries}},
  booktitle = {{Proceedings of the Twelfth National Conference on Artificial Intelligence}},
  volume = {I},
  pages = {230--237},
  year = {1994},
  publisher = {{MIT Press}},
  address = {Menlo Park, CA},
  note = {Extract from Theoretical Impediments to Machine Learning.pdf [101]}
}

@article{pearl2018theoretical,
  title={Theoretical impediments to machine learning with seven sparks from the causal revolution},
  author={Pearl, Judea},
  journal={arXiv preprint arXiv:1801.04016},
  year={2018}
}

@article{tian2000probabilities,
  title={Probabilities of causation: Bounds and identification},
  author={Tian, Jin and Pearl, Judea},
  journal={Annals of Mathematics and Artificial Intelligence},
  volume={28},
  number={1},
  pages={287--313},
  year={2000},
  publisher={Springer}
}

@techreport{Mohan2017Graphical,
  author = {Mohan, K. and Pearl, J.},
  title = {{Graphical Models for Processing Missing Data}},
  institution = {{Department of Computer Science, University of California, Los Angeles, CA}},
  year = {2017},
  number = {R-473},
  url = {http://ftp.cs.ucla.edu/pub/stat ser/r473.pdf},
  note = {Submitted. Extract from Theoretical Impediments to Machine Learning.pdf [102]}
}

@book{Morgan2015Counterfactuals,
  author = {Morgan, S.L. and Winship, C.},
  title = {{Counterfactuals and Causal Inference: Methods and Principles for Social Research}},
  year = {2015},
  edition = {{2nd}},
  series = {{Analytical Methods for Social Research}},
  publisher = {{Cambridge University Press}},
  address = {New York, NY},
  note = {Extract from Theoretical Impediments to Machine Learning.pdf [102]}
}

@book{Pearl1988Probabilistic,
  author = {Pearl, J.},
  title = {{Probabilistic Reasoning in Intelligent Systems}},
  publisher = {{Morgan Kaufmann}},
  address = {San Mateo, CA},
  year = {1988},
  note = {Extract from Theoretical Impediments to Machine Learning.pdf [102]}
}

@misc{Berner2019Dota,
  author = {Berner, Christopher and Brockman, Greg and Chan, Brooke and Cheung, Vicki and Dkebiak, Przemysław and Dennison, Christy and Farhi, David and Fischer, Quirin and Hashme, Shariq and Hesse, Chris and others},
  title = {{Dota 2 with large scale deep reinforcement learning}},
  howpublished = {arXiv preprint 1912.06680},
  year = {2019},
  note = {Extract from Towards Causal Representation Learning.pdf [103]}
}

@inproceedings{Besserve2018Group,
  author = {Besserve, M. and Shajarisales, N. and Schölkopf, B. and Janzing, D.},
  title = {{Group invariance principles for causal generative models}},
  booktitle = {{Proceedings of the 21st International Conference on Artificial Intelligence and Statistics (AISTATS)}},
  pages = {557--565},
  year = {2018},
  note = {Extract from Towards Causal Representation Learning.pdf [103]}
}

@inproceedings{Budhathoki2016Causal,
  author = {Budhathoki, Kailash and Vreeken, Jilles},
  title = {{Causal inference by compression}},
  booktitle = {{IEEE 16th International Conference on Data Mining}},
  year = {2016},
  note = {Extract from Towards Causal Representation Learning.pdf [104]}
}

@misc{Buesing2018Woulda,
  author = {Buesing, Lars and Weber, Theophane and Zwols, Yori and Racaniere, Sebastien and Guez, Arthur and Lespiau, Jean-Baptiste and Heess, Nicolas},
  title = {{Woulda, coulda, shoulda: Counterfactually-guided policy search}},
  howpublished = {arXiv preprint 1811.06272},
  year = {2018},
  note = {Extract from Towards Causal Representation Learning.pdf [104]}
}

@inproceedings{Burges1997Improving,
  author = {Burges, C. J. C. and Schölkopf, B.},
  title = {{Improving the accuracy and speed of support vector learning machines}},
  booktitle = {{Advances in Neural Information Processing Systems}},
  volume = {9},
  pages = {375--381},
  year = {1997},
  editor = {Mozer, M. and Jordan, M. and Petsche, T.},
  publisher = {{MIT Press}},
  address = {Cambridge, MA, USA},
  note = {Extract from Towards Causal Representation Learning.pdf [104]}
}

@inproceedings{Chang2017Compositional,
  author = {Chang, Michael B and Ullman, Tomer and Torralba, Antonio and Tenenbaum, Joshua B},
  title = {{A compositional object-based approach to learning physical dynamics}},
  booktitle = {{5th International Conference on Learning Representations (ICLR)}},
  year = {2017},
  note = {Extract from Towards Causal Representation Learning.pdf [105]}
}

@book{Chapelle2006SemiSupervised,
  editor = {Chapelle, O. and Schölkopf, B. and Zien, A.},
  title = {{Semi-Supervised Learning}},
  publisher = {{MIT Press}},
  address = {Cambridge, MA, USA},
  year = {2006},
  url = {http://www.kyb.tuebingen.mpg.de/ssl-book/},
  note = {Extract from Towards Causal Representation Learning.pdf [105]}
}

@inproceedings{Chen2020Generative,
  author = {Chen, Mark and Radford, Alec and Child, Rewon and Wu, Jeff and Jun, Heewoo and Dhariwal, Prafulla and Luan, David and Sutskever, Ilya},
  title = {{Generative pretraining from pixels}},
  booktitle = {{Proceedings of the 37th International Conference on Machine Learning}},
  year = {2020},
  note = {Extract from Towards Causal Representation Learning.pdf [105]}
}

@inproceedings{Daniusis2010Inferring,
  author = {Daniušis, P. and Janzing, D. and Mooij, J. M. and Zscheischler, J. and Steudel, B. and Zhang, K. and Schölkopf, B.},
  title = {{Inferring deterministic causal relations}},
  booktitle = {{Proceedings of the 26th Annual Conference on Uncertainty in Artificial Intelligence (UAI)}},
  pages = {143--150},
  year = {2010},
  note = {Extract from Towards Causal Representation Learning.pdf [55]}
}

@article{Dawid1979Conditional,
  author = {Dawid, A. P.},
  title = {{Conditional independence in statistical theory}},
  journal = {{Journal of the Royal Statistical Society B}},
  volume = {41},
  number = {1},
  pages = {1--31},
  year = {1979},
  note = {Extract from Towards Causal Representation Learning.pdf [106]}
}

@book{Dehaene2020How,
  author = {Dehaene, Stanislas},
  title = {{How We Learn: Why Brains Learn Better Than Any Machine... for Now}},
  publisher = {{Penguin}},
  address = {New York},
  year = {2020},
  isbn = {9780374275631 0374275637},
  url = {https://www.amazon.com/How-We-Learn-Brains-Machine/dp/0525559884},
  note = {Extract from Towards Causal Representation Learning.pdf [106]}
}

@inproceedings{Deng2009Imagenet,
  author = {Deng, Jia and Dong, Wei and Socher, Richard and Li, Li-Jia and Li, Kai and Fei-Fei, Li},
  title = {{Imagenet: A large-scale hierarchical image database}},
  booktitle = {{2009 IEEE conference on computer vision and pattern recognition}},
  pages = {248--255},
  year = {2009},
  publisher = {{Ieee}},
  note = {Extract from Towards Causal Representation Learning.pdf [106]}
}

@misc{Devlin2018Bert,
  author = {Devlin, Jacob and Chang, Ming-Wei and Lee, Kenton and Toutanova, Kristina},
  title = {{Bert: Pre-training of deep bidirectional transformers for language understanding}},
  howpublished = {arXiv preprint 1810.04805},
  year = {2018},
  note = {Extract from Towards Causal Representation Learning.pdf [106]}
}

@inproceedings{Doran2014Permutationbased,
  author = {Doran, G. and Muandet, K. and Zhang, K. and Schölkopf, B.},
  title = {{A permutation-based kernel conditional independence test}},
  booktitle = {{Proceedings of the 30th Conference on Uncertainty in Artificial Intelligence}},
  pages = {132--141},
  year = {2014},
  editor = {Zhang, N. L. and Tian, J.},
  address = {Corvallis, OR},
  publisher = {{AUAI Press}},
  url = {http://auai.org/uai2014/proceedings/individuals/194.pdf},
  note = {Extract from Towards Causal Representation Learning.pdf [107]}
}

@article{Eastwood2018Framework,
  author = {Eastwood, Cian and Williams, Christopher KI},
  title = {{A framework for the quantitative evaluation of disentangled representations}},
  journal = {{International Conference on Learning Representations}},
  year = {2018},
  note = {Extract from Towards Causal Representation Learning.pdf [107]}
}

@inproceedings{Graves2013Speech,
  author = {Graves, Alex and Mohamed, Abdel-rahman and Hinton, Geoffrey},
  title = {{Speech recognition with deep recurrent neural networks}},
  booktitle = {{2013 IEEE international conference on acoustics, speech and signal processing}},
  pages = {6645--6649},
  year = {2013},
  publisher = {{IEEE}},
  note = {Extract from Towards Causal Representation Learning.pdf [108]}
}

@inproceedings{Greff2019MultiObject,
  author = {Greff, Klaus and Kaufman, Raphaël Lopez and Kabra, Rishabh and Watters, Nick and Burgess, Christopher and Zoran, Daniel and Matthey, Loic and Botvinick, Matthew and Lerchner, Alexander},
  title = {{Multi-object representation learning with iterative variational inference}},
  booktitle = {{International Conference on Machine Learning}},
  pages = {2424--2433},
  year = {2019},
  note = {Extract from Towards Causal Representation Learning.pdf [108]}
}

@inproceedings{Grzeszczuk1998Neuroanimator,
  author = {Grzeszczuk, Radek and Terzopoulos, Demetri and Hinton, Geoffrey},
  title = {{Neuroanimator: Fast neural network emulation and control of physics-based models}},
  booktitle = {{Proceedings of the 25th annual conference on Computer graphics and interactive techniques}},
  pages = {9--20},
  year = {1998},
  note = {Extract from Towards Causal Representation Learning.pdf [109]}
}

@misc{Gu2019Using,
  author = {Gu, Keren and Yang, Brandon and Ngiam, Jiquan and Le, Quoc and Shlens, Jonathan},
  title = {{Using videos to evaluate image model robustness}},
  howpublished = {arXiv preprint 1904.10076},
  year = {2019},
  note = {Extract from Towards Causal Representation Learning.pdf [109]}
}

@misc{Gu2014Towards,
  author = {Gu, Shixiang and Rigazio, Luca},
  title = {{Towards deep neural network architectures robust to adversarial examples}},
  howpublished = {arXiv:1412.5068},
  year = {2014},
  note = {Extract from Towards Causal Representation Learning.pdf [109]}
}

@misc{Guo2018Survey,
  author = {Guo, Ruocheng and Cheng, Lu and Li, Jundong and Hahn, P. Richard and Liu, Huan},
  title = {{A survey of learning causality with data: Problems and methods}},
  howpublished = {arXiv preprint 1809.09337},
  year = {2018},
  note = {Extract from Towards Causal Representation Learning.pdf [110]}
}

@incollection{Guyon2010Causality,
  author = {Guyon, I. and Janzing, D. and Schölkopf, B.},
  title = {{Causality: Objectives and assessment}},
  booktitle = {{JMLR Workshop and Conference Proceedings: Volume 6}},
  pages = {1--42},
  year = {2010},
  editor = {Guyon, I. and Janzing, D. and Schölkopf, B.},
  address = {Cambridge, MA, USA},
  publisher = {{MIT Press}},
  note = {Extract from Towards Causal Representation Learning.pdf [110]}
}

@misc{Ha2018World,
  author = {Ha, David and Schmidhuber, Jürgen},
  title = {{World models}},
  howpublished = {arXiv preprint 1803.10122},
  year = {2018},
  note = {Extract from Towards Causal Representation Learning.pdf [110]}
}

@article{Haavelmo1944Probability,
  author = {Haavelmo, T.},
  title = {{The probability approach in econometrics}},
  journal = {{Econometrica}},
  volume = {12},
  pages = {S1--S115 (supplement)},
  year = {1944},
  note = {Extract from Towards Causal Representation Learning.pdf [110]}
}

@inproceedings{Hjelm2019Learning,
  author = {Hjelm, R Devon and Buchwalter, William},
  title = {{Learning represen-tations by maximizing mutual information across views}},
  booktitle = {{Advances in Neural Information Processing Systems}},
  pages = {15535--15545},
  year = {2019},
  note = {Extract from Towards Causal Representation Learning.pdf [111]}
}

@incollection{Hoover2008Causality,
  author = {Hoover, K. D.},
  title = {{Causality in economics and econometrics}},
  booktitle = {{The New Palgrave Dictionary of Economics}},
  editor = {Durlauf, S. N. and Blume, L. E.},
  publisher = {{Palgrave Macmillan}},
  address = {Basingstoke, UK},
  year = {2008},
  edition = {{2nd}},
  note = {Extract from Towards Causal Representation Learning.pdf [111]}
}

@misc{Howard2018Universal,
  author = {Howard, Jeremy and Ruder, Sebastian},
  title = {{Universal language model fine-tuning for text classification}},
  howpublished = {arXiv preprint 1801.06146},
  year = {2018},
  note = {Extract from Towards Causal Representation Learning.pdf [111]}
}

@article{Janzing2016Algorithmic,
  author = {Janzing, D. and Chaves, R. and Schölkopf, B.},
  title = {{Algorithmic indepen-dence of initial condition and dynamical law in thermodynamics and causal inference}},
  journal = {{New Journal of Physics}},
  volume = {18},
  number = {9},
  year = {2016},
  url = {http://stacks.iop.org/1367-2630/18/i=9/a=093052},
  note = {Extract from Towards Causal Representation Learning.pdf [88]}
}

@misc{Levine2020Offline,
  author = {Levine, Sergey and Kumar, Aviral and Tucker, George and Fu, Justin},
  title = {{Offline reinforcement learning: Tutorial, review, and perspectives on open problems}},
  howpublished = {arXiv preprint 2005.01643},
  year = {2020},
  note = {Extract from Towards Causal Representation Learning.pdf [112]}
}

@article{Lewis1974Causation,
  author = {Lewis, David},
  title = {{Causation}},
  journal = {{The journal of philosophy}},
  volume = {70},
  number = {17},
  pages = {556--567},
  year = {1974},
  note = {Extract from Towards Causal Representation Learning.pdf [112]}
}

@misc{Li2018Domain,
  author = {Li, Ya and Gong, Mingming and Tian, Xinmei and Liu, Tongliang and Tao, Dacheng},
  title = {{Domain generalization via conditional invariant representation}},
  howpublished = {arXiv preprint 1807.08479},
  year = {2018},
  note = {Extract from Towards Causal Representation Learning.pdf [112]}
}

@inproceedings{Li2018Deep,
  author = {Li, Ya and Tian, Xinmei and Gong, Mingming and Liu, Yajing and Liu, Tongliang and Zhang, Kun and Tao, Dacheng},
  title = {{Deep domain generalization via conditional invariant adversarial networks}},
  booktitle = {{The European Conference on Computer Vision (ECCV)}},
  year = {2018},
  note = {Extract from Towards Causal Representation Learning.pdf [112]}
}

@misc{Lu2020Sampleefficient,
  author = {Lu, Chaochao and Huang, Biwei and Wang, Ke and Hernández-Lobato, José Miguel and Zhang, Kun and Schölkopf, Bernhard},
  title = {{Sample-efficient reinforcement learning via counterfactual-based data augmen-tation}},
  howpublished = {arXiv preprint 2012.09092},
  year = {2020},
  note = {Extract from Towards Causal Representation Learning.pdf [113]}
}

@article{Lundervold2019Overview,
  author = {Lundervold, Alexander Selvikvåg and Lundervold, Arvid},
  title = {{An overview of deep learning in medical imaging focusing on MRI}},
  journal = {{Zeitschrift für Medizinische Physik}},
  volume = {29},
  number = {2},
  pages = {102--127},
  year = {2019},
  note = {Extract from Towards Causal Representation Learning.pdf [113]}
}

@inproceedings{Magliacane2018Domain,
  author = {Magliacane, Sara and van Ommen, Thijs and Claassen, Tom and Bongers, Stephan and Versteeg, Philip and Mooij, Joris M.},
  title = {{Domain adaptation by using causal inference to predict invariant conditional distributions}},
  booktitle = {{Proc. NeurIPS}},
  year = {2018},
  note = {Extract from Towards Causal Representation Learning.pdf [113]}
}

@inproceedings{Mooij2013Ordinary,
  author = {Mooij, J. and Janzing, D. and Schölkopf, B.},
  title = {{From ordinary differ-ential equations to structural causal models: the deterministic case}},
  booktitle = {{Proceedings of the Twenty-Ninth Conference Annual Conference on Uncertainty in Artificial Intelligence}},
  pages = {440--448},
  year = {2013},
  editor = {Nicholson, A. and Smyth, P.},
  address = {Corvallis, OR},
  publisher = {{AUAI Press}},
  url = {http://www.is.tuebingen.mpg.de/fileadmin/user_upload/files/publications/2013/MooijJS2013-uai.pdf},
  note = {Extract from Towards Causal Representation Learning.pdf [114]}
}

@inproceedings{Mooij2009Regression,
  author = {Mooij, J. M. and Janzing, D. and Peters, J. and Schölkopf, B.},
  title = {{Regression by dependence minimization and its application to causal inference}},
  booktitle = {{Proceedings of the 26th International Conference on Machine Learning (ICML)}},
  pages = {745--752},
  year = {2009},
  note = {Extract from Towards Causal Representation Learning.pdf [114]}
}

@inproceedings{Parascandolo2018Learning,
  author = {Parascandolo, G. and Kilbertus, N. and Rojas-Carulla, M. and Schölkopf, B.},
  title = {{Learning independent causal mechanisms}},
  booktitle = {{Proceedings of the 35th International Conference on Machine Learning}},
  pages = {4036--4044},
  year = {2018},
  series = {{PMLR 80}},
  note = {Extract from Towards Causal Representation Learning.pdf [115]}
}

@article{Parascandolo2021Learning,
  author = {Parascandolo, Giambattista and Neitz, Alexander and Orvieto, ANTONIO and Gresele, Luigi and Schölkopf, Bernhard},
  title = {{Learning explanations that are hard to vary}},
  journal = {{International Conference on Learning Representations}},
  year = {2021},
  note = {Extract from Towards Causal Representation Learning.pdf [115]}
}

@book{Pearl2009Causality,
  author = {Pearl, J.},
  title = {{Causality: Models, Reasoning, and Inference}},
  publisher = {{Cambridge University Press}},
  address = {New York, NY},
  year = {2009},
  edition = {{2nd}},
  note = {Extract from Towards Causal Representation Learning.pdf [115]}
}

@book{Peters2017Elements,
  author = {Peters, J. and Janzing, D. and Schölkopf, B.},
  title = {{Elements of Causal Inference - Foundations and Learning Algorithms}},
  publisher = {{MIT Press}},
  address = {Cambridge, MA, USA},
  year = {2017},
  note = {Extract from Towards Causal Representation Learning.pdf [116]}
}

@article{Peters2016Causal,
  author = {Peters, Jonas and Bühlmann, Peter and Meinshausen, Nicolai},
  title = {{Causal inference by using invariant prediction: identification and confidence intervals}},
  journal = {{Journal of the Royal Statistical Society: Series B (Statistical Methodology)}},
  volume = {78},
  number = {5},
  pages = {947--1012},
  year = {2016},
  note = {Extract from Towards Causal Representation Learning.pdf [116]}
}

@misc{Peters2020Causal,
  author = {Peters, Jonas and Bauer, Stefan and Pfister, Niklas},
  title = {{Causal models for dynamical systems}},
  howpublished = {arXiv preprint 2001.06208},
  year = {2020},
  note = {Extract from Towards Causal Representation Learning.pdf [116]}
}

@article{Scholkopf2016Modeling,
  author = {Schölkopf, B. and Hogg, D. and Wang, D. and Foreman-Mackey, D. and Janz-ing, D. and Simon-Gabriel, C.-J. and Peters, J.},
  title = {{Modeling confounding by half-sibling regression}},
  journal = {{Proceedings of the National Academy of Science (PNAS)}},
  volume = {113},
  number = {27},
  pages = {7391--7398},
  year = {2016},
  note = {Extract from Towards Causal Representation Learning.pdf [117]}
}

@article{Scholkopf2016Causal,
  author = {Schölkopf, B. and Janzing, D. and Lopez-Paz, D.},
  title = {{Causal and statistical learning}},
  journal = {{Oberwolfach Reports}},
  volume = {13},
  number = {3},
  pages = {1896--1899},
  year = {2016},
  doi = {10.14760/OWR-2016-33},
  url = {https://publications.mfo.de/handle/mfo/3537},
  note = {Extract from Towards Causal Representation Learning.pdf [117]}
}

@misc{Scholkopf2019Causality,
  author = {Schölkopf, Bernhard},
  title = {{Causality for machine learning}},
  howpublished = {arXiv preprint 1911.10500},
  year = {2019},
  note = {Extract from Towards Causal Representation Learning.pdf [117]}
}

@inproceedings{Simard2003Best,
  author = {Simard, Patrice Y and Steinkraus, David and Platt, John C and others},
  title = {{Best practices for convolutional neural networks applied to visual document analysis}},
  booktitle = {{Proceedings of the Seventh International Conference on Document Analysis and Recognition (ICDAR 2003)}},
  volume = {3},
  year = {2003},
  note = {Extract from Towards Causal Representation Learning.pdf [118]}
}

@incollection{Simon1953Causal,
  author = {Simon, H. A.},
  title = {{Causal ordering and identifiability}},
  booktitle = {{Studies in Econometric Methods}},
  pages = {49--74},
  year = {1953},
  editor = {Hood, W. C. and Koopmans, T. C.},
  publisher = {{John Wiley \& Sons}},
  address = {New York, NY},
  note = {Cowles Commission for Research in Economics, Monograph No. 14. Extract from Towards Causal Representation Learning.pdf [118]}
}

@misc{FutureOfLifeInstitute2015Autonomous,
  author = {{Future of Life Institute}},
  title = {{Autonomous Weapons: An Open Letter from AI \& Robotics Researchers}},
  year = {2015},
  howpublished = {[online]},
  url = {http://f utureoflife.org/open-letter-autonomous-weapons},
  note = {Accessed 8 November 2016. Extract from ai-openness.pdf [119]}
}

@article{Galor2004From,
  author = {Galor, O. and Moav, O.},
  title = {{From Physical to Human Capital Accumulation: Inequality and the Process of Development}},
  journal = {{The Review of Economic Studies}},
  volume = {71},
  number = {4},
  pages = {1001--1026},
  year = {2004},
  note = {Extract from ai-openness.pdf [119]}
}

@misc{GoldmanSachs2015Real,
  author = {{Goldman Sachs}},
  title = {{The Real Consequences of Artificial Intelligence}},
  year = {2015},
  howpublished = {{Fortnightly Thoughts (85)}},
  url = {http://www.cognitivescale.c om/wp-content/uploads/2015/03/FT-Artificial-Intelligence.pdf},
  note = {Available from: [Accessed 8 November 2016]. Extract from ai-openness.pdf [119]}
}

@book{Bellman1957Dynamic,
  author = {Bellman, R.},
  title = {{Dynamic programming}},
  publisher = {{Princeton University Press}},
  year = {1957},
  note = {Extract from predictron - END-TO-END LEARNING AND PLANNING.pdf [120]}
}

@misc{Chiappa2016Recurrent,
  author = {Chiappa, S. and Racaniere, S. and Wierstra, D. and Mohamed, S.},
  title = {{Recurrent environment simulators}},
  year = {2016},
  note = {Extract from predictron - END-TO-END LEARNING AND PLANNING.pdf [120]}
}

@inproceedings{Glorot2011Deep,
  author = {Glorot, X. and Bordes, A. and Bengio, Y.},
  title = {{Deep sparse rectifier neural networks}},
  booktitle = {{Aistats}},
  volume = {15},
  pages = {275},
  year = {2011},
  note = {Extract from predictron - END-TO-END LEARNING AND PLANNING.pdf [120]}
}

@misc{Graves2016Adaptive,
  author = {Graves, A.},
  title = {{Adaptive computation time for recurrent neural networks}},
  howpublished = {CoRR, abs/1603.08983},
  year = {2016},
  url = {http://arxiv.org/abs/1603.08983},
  note = {Extract from predictron - END-TO-END LEARNING AND PLANNING.pdf [120]}
}

@misc{He2015Deep,
  author = {He, K. and Zhang, X. and Ren, S. and Sun, J.},
  title = {{Deep residual learning for image recognition}},
  howpublished = {arXiv preprint arXiv:1512.03385},
  year = {2015},
  note = {Extract from predictron - END-TO-END LEARNING AND PLANNING.pdf [120]}
}